3482 5072
916 308 960 372 20

325 500 640 583 ,praecipuus-exult
664 501 768 565 verba
791 519 871 566 vero
895 519 966 580 ,uon
995 500 1211 565 1111111111ι
1238 499 1326 564 idem
1353 499 1553 581 significare,

326 607 410 688 quod
434 607 702 688 ,sonuit-mansit,
725 625 820 672 nemo
849 626 914 672 non
935 607 1118 688 intelleget.
1164 605 1278 686 Neque
1312 607 1412 672 etiam
1446 607 1553 687 deest,

326 732 388 793 quo
412 712 690 778 circumscribitur
721 732 787 778 vox
817 716 924 795 ,exul‘3
957 732 1032 778 nam
1066 732 1137 778 1111
1170 714 1283 778 exules
1314 713 1349 777 11
1382 713 1555 795 Cycladas,

325 837 458 900 quarum
476 823 552 883 sunt
566 818 723 901 Seriphus
738 825 772 884 11
787 819 917 902 Gyarus
932 819 970 903 (Ι,
990 819 1056 903 73),
1079 819 1312 900 imperatorum
1335 819 1552 885 Romanorum

326 925 525 1005 temporibus
558 943 658 1006 saepe
682 927 797 991 missos
822 945 894 991 esse
928 925 1011 991 satis
1043 930 1154 990 notum
1187 925 1240 1004 sit,
1264 929 1359 1006 patet
1390 927 1451 991 hoc
1482 928 1554 991 loeo

326 1030 368 1095 ad
390 1049 503 1096 vorem
527 1032 620 1110 ,exul‘
644 1031 974 1098 circumscribendam
1005 1031 1115 1114 potius
1148 1032 1221 1096 loea
1245 1050 1318 1096 esse
1341 1033 1460 1114 posita,
1493 1052 1554 1112 quo

327 1136 439 1201 exules
462 1136 550 1202 mitti
565 1137 725 1203 solebant.
771 1137 836 1203 Sed
859 1139 941 1204 haee
955 1137 1128 1216 1111111111,
1152 1143 1189 1201 ut
1204 1138 1341 1202 eandem
1356 1139 1555 1204 sententiam

327 1243 389 1308 boe
411 1242 483 1307 loeo
506 1241 558 1308 bis
583 1261 771 1324 expressam
796 1250 831 1309 et
857 1263 954 1309 unam
977 1245 1138 1324 quandam
1167 1245 1281 1308 horum
1303 1263 1456 1310 versuum
1480 1265 1554 1326 par-

327 1353 394 1413 tem
417 1347 488 1413 sine
512 1368 627 1415 sensus
651 1351 768 1416 damno
802 1351 908 1415 omitti
942 1369 1038 1431 posse
1063 1352 1291 1415 demonstrem.
1337 1350 1556 1416 Nihilominus

330 1455 373 1519 ad
395 1453 546 1521 Teuffelii
568 1456 748 1522 remedium
775 1475 816 1521 11
837 1458 899 1522 hoe
932 1457 1063 1536 quidem
1086 1458 1156 1522 loeo
1181 1456 1391 1539 confugerim,
1424 1460 1483 1523 sed
1507 1459 1554 1522 di·

329 1561 424 1626 cendi
447 1561 680 1628 abundantiam
704 1582 745 1628 ex
768 1563 942 1628 Iuvenalis
965 1563 1075 1628 indole
1104 1564 1213 1644 potius
1247 1563 1488 1644 explicaverim.
1514 1603 1553 1612 -

330 1667 410 1732 Fuit
432 1672 569 1749 tempus,
603 1670 769 1752 cumipse
801 1670 836 1734 iu
858 1671 943 1735 XIII
975 1671 1081 1735 satira
1114 1670 1297 1751 exemplum
1330 1670 1556 1737 manifestissi-

328 1792 413 1838 mum
437 1774 702 1856 amplificationis
717 1795 738 1840 a
752 1781 850 1856 poeta
864 1777 935 1857 ipso
949 1777 1125 1842 institutae
1139 1776 1306 1843 iuvenisse
1322 1776 1398 1840 mihi
1414 1777 1556 1860 viderer,

330 1885 365 1944 et
387 1880 416 1945 si
440 1879 540 1946 etiarn
563 1898 648 1945 nuno
671 1882 833 1947 rationem
857 1882 997 1964 duplicis
1020 1883 1223 1948 recensionis
1253 1901 1417 1962 sequerer,
1446 1883 1558 1950 iacere

330 2005 395 2051 non
417 2005 554 2069 possem,
578 1987 656 2066 quin
680 1994 737 2053 aut
759 2007 876 2054 versus
891 1989 1096 2054 38-10111
1119 1990 1274 2054 70-120
1293 1995 1410 2069 postea
1426 1997 1559 2072 aposta

330 2093 471 2158 insertos
496 2112 569 2158 esse
592 2100 751 2176 putarem,
784 2113 856 2161 eum
889 2085 1115 2177 argumentum
1140 2114 1250 2161 eorum
1273 2101 1341 2161 tarn
1365 2097 1471 2162 simile
1505 2097 1558 2176 sit,

331 2205 369 2264 ut
392 2219 487 2265 ovum
512 2218 573 2264 ovo
597 2200 736 2266 similius
761 2221 834 2267 esse
865 2221 931 2268 nou
962 2203 1076 2284 possit.
1124 2203 1170 2268 Ut
1200 2203 1315 2284 paucis
1349 2206 1557 2285 eomprehen-

331 2307 453 2385 damus,
477 2325 561 2385 quae
586 2313 681 2388 poeta
705 2308 861 2390 disputat,
895 2316 971 2375 sunt
993 2311 1089 2374 haee:
1114 2311 1219 2374 Poeta
1252 2309 1364 2374 studet
1396 2311 1555 2374 consolari

335 2411 505 2476 Calvinum
530 2414 690 2491 quendam
713 2416 926 2480 vehementer
950 2416 1123 2491 dolentem,
1152 2415 1236 2494 quod
1260 2416 1383 2480 amicus
1407 2435 1478 2481 1111
1502 2417 1556 2482 de·

332 2517 541 2582 fraudaverit
574 2519 715 2598 pecunia
748 2527 859 2585 mutua
891 2525 1028 2602 sumpta.
1074 2521 1217 2586 Etiamsi
1249 2523 1287 2601 is,
1321 2523 1375 2602 qui
1406 2522 1557 2588 iniuriam

328 2611 458 2705 feeerit,
483 2625 524 2688 ab
548 2624 657 2691 iudice
680 2627 826 2707 improbo
851 2627 1051 2708 absolvatur,
1074 2632 1186 2691 111111
1200 2627 1301 2692 animi
1317 2630 1558 2710 conscientiam,

330 2749 394 2810 qua
426 2730 621 2812 stimuletur,
654 2731 695 2795 ab
719 2732 776 2796 illo
799 2752 921 2814 poenas
945 2734 1051 2799 iustas
1069 2732 1233 2815 persequi.
1281 2735 1442 2800 Solarium
1466 2756 1560 2818 prae·

329 2836 408 2900 here
429 2840 463 2900 et
477 2835 607 2917 amieos,
631 2843 684 2916 qul
702 2837 929 2904 misericordia
943 2845 1143 2914 moveantur,
1160 2845 1194 2904 et
1209 2840 1317 2904 damni
1333 2843 1560 2925 exiguitatem,

333 2961 395 3021 quo
419 2946 487 3006 tam
502 2941 595 3006 multi
611 2942 804 3009 1111111111.
850 2945 913 3009 Η11
937 2948 978 3010 ad
994 2947 1224 3012 consolandum
1239 2948 1451 3029 argumentis
1475 2969 1558 3028 quae

330 3047 418 3112 infra
452 3048 637 3113 1111111111
671 3050 893 3134 explicantur,
925 3053 1089 3134 prooemio
1122 3056 1306 3136 generatim
1340 3060 1374 3120 et
1406 3055 1560 3120 universe

335 3153 446 3218 allatis
470 3154 547 3219 inde
572 3174 591 3218 a
614 3175 713 3220 versu
738 3159 778 3220 19
803 3159 845 3223 ad
868 3178 936 3223 1111
959 3159 1064 3240 ipsam
1093 3162 1215 3226 transit
1243 3167 1278 3226 et
1305 3162 1385 3227 duas
1410 3145 1486 3228 esse
1506 3181 1561 3226 res

335 3257 425 3335 dicit,
451 3278 491 3324 ex
515 3258 631 3339 quibus
655 3262 749 3325 nobis
773 3266 987 3346 percipienda
1019 3266 1064 3330 sit
1096 3268 1288 3333 consolatio:
1320 3269 1559 3350 philosophiam

332 3370 367 3430 et
389 3383 499 3430 rerum
522 3384 623 3431 usum.
672 3368 767 3432 Hune
790 3388 849 3434 nos
873 3371 990 3435 docere
1013 3373 1135 3438 nullum
1152 3374 1236 3438 diem
1252 3381 1319 3456 tam
1334 3375 1454 3439 festum
1478 3392 1560 3451 esse,

334 3490 396 3550 quo
418 3489 484 3536 non
508 3474 635 3539 seelera
659 3474 866 3558 detegantur,
889 3495 974 3541 nuno
994 3478 1050 3560 agi
1063 3479 1209 3560 peiorem
1225 3485 1368 3545 aetatem
1382 3481 1561 3562 peioraque

332 3580 465 3643 saecula
487 3578 569 3644 ferri
592 3581 802 3663 temporibus,
831 3600 965 3660 quorum
993 3584 1110 3649 sceleri
1133 3591 1253 3653 natura
1279 3605 1396 3653 nomen
1424 3605 1487 3652 non
1510 3587 1560 3650 in-

332 3684 471 3749 venerit.
518 3685 601 3750 Eum
629 3705 738 3751 111111
772 3685 891 3752 intanti
924 3688 1063 3754 similem
1097 3710 1180 3768 1111,
1215 3695 1270 3774 qui
1301 3695 1439 3777 neseiat,
1473 3711 1562 3777 ,quas

337 3789 460 3855 habeat
483 3809 622 3856 veneres
646 3792 755 3857 aliena
778 3794 925 3875 11111111ί
949 3799 984 3859 11
1010 3799 1165 3880 postulet,
1197 3819 1238 3864 11
1262 3802 1335 3881 quis
1368 3803 1497 3884 peieret
1529 3808 1563 3866 11

334 3899 429 3976 putet
452 3915 569 3962 numen
594 3917 667 3963 esse
691 3900 836 3964 divinum
859 3901 967 3965 ullum.
1014 3902 1176 3982 Aetatem,
1206 3925 1270 3985 qua
1297 3911 1375 3974 boni
1399 3927 1504 3973 mores
1529 3911 1563 3970 et

332 3999 414 4064 fides
437 4001 615 4082 viguerint,
650 4004 825 4088 effluxisse,
857 4007 1055 4088 probitatem
1078 4029 1237 4091 nusquam
1270 4014 1378 4098 videri
1412 4014 1467 4094 (-
1494 4011 1560 4091 70).

333 4107 414 4171 utrm
436 4113 536 4188 poeta
570 4109 661 4176 aliud
692 4114 881 4178 consolandi
914 4122 1136 4194 argumentum
1170 4117 1279 4182 affert:
1312 4121 1374 4183 hoo
1409 4117 1561 4180 damnum

333 4231 413 4294 prae
428 4213 505 4279 aliis
520 4215 593 4280 leve
609 4235 681 4282 esse
697 4225 732 4284 et
753 4219 853 4286 facile
866 4221 1022 4287 resarciri
1036 4243 1141 4305 posse.
1189 4225 1283 4287 Hane
1307 4225 1562 4305 disputationem

333 4318 546 4402 interrumpit
568 4329 667 4402 poeta
699 4327 850 4392 versibus
874 4328 1029 4394 75-120
1057 4335 1091 4394 et
1114 4328 1297 4394 revolvitur
1321 4330 1364 4394 ad
1396 4349 1446 4411 ea,
1480 4349 1562 4409 quae

334 4424 399 4490 iam
423 4433 522 4494 antea
555 4428 702 4510 pluribus
735 4432 846 4495 verbis
879 4440 1068 4512 persecutus
1103 4440 1164 4498 est:
1203 4452 1330 4498 omnem
1362 4436 1563 4517 probitatem
