3482 5072
830 199 1043 338 Α,

296 435 401 498 daran
423 435 741 500 herumzubessern.“
785 431 991 518 Paldamus¹)
1008 434 1157 516 denique,
1170 435 1206 498 id
1221 437 1305 514 quod
1321 435 1363 498 ad
1377 440 1523 500 nostram

297 517 520 619 quaestionem
554 541 708 622 pertinet,
743 541 929 622 suspicatur
955 559 1091 605 versum
1124 540 1143 602 7
1178 559 1198 604 a
1229 548 1329 622 poeta
1352 541 1424 620 ipso
1448 558 1524 605 esse

297 647 518 730 compositum,
541 653 659 728 postea
682 667 761 712 vero
787 650 826 712 ab
852 648 965 713 eodem
985 647 1136 713 deletum.
1185 647 1421 727 Praeterquam
1437 649 1525 728 quod

298 752 432 817 difficile
465 758 516 817 est
548 753 730 826 intellectu,
758 773 819 832 quo
844 754 936 818 modo
961 771 1076 817 versus
1101 772 1121 816 a
1144 760 1243 834 poeta
1267 755 1396 819 deletus
1419 754 1524 818 nihilo

298 858 403 924 minus
426 859 462 923 in
489 878 607 923 novam
632 860 808 924 editionem
831 859 1011 940 irrepserit,
1035 859 1192 924 iuvenali
1216 879 1288 925 eum
1311 867 1348 925 ut
1371 861 1527 940 tribuam,

296 966 386 1030 nullo
423 966 517 1030 modo
546 976 685 1048 'possum
719 967 850 1047 adduci,
888 985 959 1031 curn
993 967 1131 1046 quodvis
1165 966 1235 1031 fere
1267 967 1402 1031 verbum
1425 967 1460 1030 in
1485 987 1525 1032 eo

298 1078 483 1153 suspectum
507 1073 560 1137 sit.
609 1073 673 1137 Cur
696 1093 779 1139 1111115
801 1073 959 1138 Corvinus
975 1093 1016 1137 ex
1040 1074 1096 1154 515,
1121 1073 1176 1153 qui
1191 1074 1398 1148 antecedunt,
1423 1074 1523 1139 homi-

297 1179 392 1244 nibus
424 1179 587 1245 nobilibus
621 1185 805 1260 repetatur,
838 1199 902 1244 non
938 1180 1049 1260 liquet.
1107 1180 1211 1262 Virga
1243 1179 1321 1259 quid
1345 1179 1409 1243 sibi
1433 1181 1526 1260 velit,

298 1285 529 1366 perobscurum
554 1294 621 1350 est:
647 1286 791 1350 dubitari
817 1287 900 1351 enirn
925 1294 1043 1367 potest,
1067 1292 1174 1351 utrum
1189 1285 1427 1366 intellegantur
1440 1285 1525 1350 rami

297 1390 333 1454 in
370 1391 484 1455 tabula
522 1393 737 1474 genealogica
775 1393 1010 1474 discurrentes
1046 1400 1083 1457 ut
1116 1393 1276 1457 Weberus
1314 1398 1348 1456 51
1381 1391 1527 1456 Orellius

298 1498 482 1579 voluerunt,
506 1504 573 1563 turn
597 1517 656 1579 pro
680 1499 782 1562 verbo
797 1499 1008 1580 ,contingere‘
1022 1498 1217 1562 scholiorum
1232 1498 1372 1562 lectione
1387 1500 1526 1578 probato

298 1604 408 1684 potius
433 1606 612 1679 ,deducere‘
636 1606 820 1685 ponendum
845 1607 918 1686 erit,
942 1605 1027 1683 quod
1042 1603 1226 1685 Schegkius
1241 1605 1282 1668 ad
1296 1605 1378 1669 Vell.
1396 1606 1526 1668 Patere.

298 1711 332 1791 1.,
358 1714 398 1774 13
424 1711 519 1791 511511
553 1730 595 1775 an
620 1729 748 1792 scopae,
781 1711 897 1790 quibus
919 1711 1082 1792 imagines
1104 1709 1244 1795 fuligine
1265 1711 1392 1775 obsitae
1417 1717 1524 1776 exter-

300 1821 428 1898 gentur,
462 1835 504 1881 an
536 1817 684 1899 denique,
717 1823 754 1882 ut
787 1836 804 1882 e
836 1818 937 1882 verbo
966 1816 1175 1898 ,contingere‘
1200 1834 1361 1897 apparere
1383 1817 1527 1893 videtur,

299 1922 462 2003 bacillum,
495 1942 556 2002 quo
589 1923 752 2004 gloriosus
785 1923 941 1988 maiorum
974 1922 1117 1988 iactator
1139 1921 1298 2004 imagines
1322 1922 1526 1987 monstravit.

300 2028 365 2093 Sed
389 2034 620 2111 praeterquam
644 2031 732 2109 quod
744 2031 826 2095 haec
841 2029 1005 2095 sententia
1020 2031 1118 2111 plane
1133 2029 1276 2093 absurda
1290 2029 1370 2093 milii
1385 2029 1528 2104 videtur,

300 2137 437 2217 proinde
470 2137 565 2216 quasi
596 2137 715 2202 nobilis
747 2138 840 2201 homo
874 2137 945 2217 ipse
978 2136 1188 2202 monstrando
1218 2154 1351 2217 operam
1384 2135 1525 2214 dederit,

300 2243 498 2308 adiectivurn
534 2245 653 2326 ,multa‘
686 2244 825 2308 maxime
859 2242 1001 2322 offendit,
1037 2244 1123 2322 quod
1147 2241 1340 2307 scholiastes
1363 2241 1447 2306 falso
1472 2259 1528 2306 ex·

301 2349 439 2430 plicavit
464 2350 582 2426 ,multis
605 2349 759 2432 fascibus,
784 2350 957 2432 dignitate‘
982 2355 1016 2414 et
1041 2350 1084 2413 ad
1101 2347 1242 2428 proximi
1256 2367 1371 2413 versus
1386 2347 1526 2429 impera·

300 2460 391 2519 tores
406 2455 545 2519 rettulit.
593 2455 713 2519 Vocem
736 2474 815 2520 vero
840 2456 994 2536 ,1155111515ί
1020 2455 1282 2520 molestissimam
1307 2473 1379 2519 esse
1403 2460 1528 2519 511511-
1613 2449 1619 2457 '

301 2567 369 2627 turn
392 2562 506 2626 valere
531 2563 727 2627 adversum
752 2563 948 2644 explendum
971 2581 1064 2626 nemo
1088 2561 1231 2644 negabit.
1278 2561 1340 2625 His
1364 2561 1472 2626 causis
1488 2581 1529 2626 ex

301 2687 418 2734 versus
450 2669 539 2734 illius
572 2668 682 2734 verbis
715 2668 796 2750 ipsis
822 2668 934 2733 allatis
959 2669 1045 2734 aliae
1069 2669 1228 2748 quaedam
1253 2668 1467 2747 extrinsecus
1492 2673 1530 2732 ut

301 2775 351 2840 ita
375 2775 488 2856 dicum,
512 2780 660 2856 sumptae
684 2775 761 2839 addi
785 2782 929 2856 possunt,
964 2776 1079 2854 quibus
1103 2774 1248 2855 spurium
1272 2793 1344 2839 eum
1369 2793 1441 2839 esse
1464 2793 1531 2838 non

304 2880 409 2946 minus
442 2884 679 2962 comprobatur.
735 2883 784 2945 Ac
816 2881 954 2962 primurn
989 2881 1118 2961 quidem
1151 2880 1186 2944 in
1215 2880 1382 2946 codicibus
1406 2880 1529 2956 aliquot

302 3007 420 3052 versus
453 2988 511 3052 1115
544 3007 608 3053 non
641 2993 759 3069 exstat,
793 2987 878 3067 quod
911 2987 1040 3067 quidem
1072 2987 1216 3069 perlevis
1250 2983 1404 3052 momenti
1437 2988 1528 3068 duco,

304 3113 375 3159 curn
400 3095 434 3159 in
457 3095 529 3175 ipso
548 3096 600 3159 'Po
625 3095 806 3176 complures
829 3113 945 3160 versus
960 3114 1024 3160 non
1038 3095 1258 3173 inveniantur,
1283 3094 1399 3174 quibus
1415 3112 1532 3158 carere

304 3219 373 3265 non
400 3201 519 3282 possm,
553 3200 670 3265 deinde
703 3201 835 3265 variant
867 3201 997 3266 codices
1029 3201 1118 3266 inter
1150 3201 1284 3267 corvini
1317 3205 1351 3264 51
1382 3200 1530 3265 Fabricii

304 3325 430 3385 nomen,
453 3312 522 3371 tum
545 3306 580 3371 in
604 3307 768 3372 codicibus
791 3325 907 3372 versus
931 3307 988 3371 ille
1013 3313 1137 3372 certum
1162 3307 1321 3386 quendam
1345 3308 1451 3371 locum
1465 3325 1531 3371 non

305 3413 414 3495 habet,
448 3414 506 3478 sed
537 3414 572 3477 in
604 3413 679 3478 aliis
713 3419 944 3478 anteversum
968 3415 997 3495 5,
1021 3414 1055 3504 in
1081 3413 1156 3478 aliis
1180 3418 1255 3493 post
1278 3431 1410 3478 versum
1434 3413 1454 3476 6
1479 3419 1531 3476 551

305 3520 441 3602 positus,
488 3520 534 3584 Et
566 3520 735 3599 quisquam
769 3519 941 3602 dubitabit,
965 3520 1042 3599 quin
1064 3538 1180 3584 versus
1204 3519 1269 3601 ille,
1293 3518 1349 3599 qui
1372 3518 1530 3600 gravissi-

305 3645 374 3690 mas
404 3624 598 3691 offensiones
622 3627 760 3707 praebet
783 3630 817 3691 et
840 3627 913 3707 plus
936 3645 999 3691 uno
1023 3645 1145 3707 genere
1160 3631 1331 3707 suspectus
1347 3631 1406 3706 est,
1430 3625 1529 3689 inter-

305 3733 464 3812 polatoris
488 3733 655 3798 cuiusdam
679 3732 724 3797 sit
738 3731 1022 3804 additamentum?
1059 3732 1169 3811 Atque
1193 3728 1533 3814 quodHeinrichius'2)

306 3837 494 3917 suspicatur
524 3858 656 3905 versum
687 3838 778 3904 illurn
808 3838 965 3918 originem
990 3838 1123 3904 duxisse
1147 3857 1186 3904 ex
1209 3837 1368 3920 ,fumosos‘
1391 3837 1533 3919 proximi

306 3963 431 4027 1515115,
464 3945 637 4010 maximam
670 3944 915 4026 probabilitatis
948 3945 1092 4025 speciem
1123 3964 1204 4027 prae
1237 3963 1273 4009 se
1305 3944 1371 4010 sert
1395 3949 1429 4008 et
1452 3962 1532 4008 sane

307 4051 449 4133 cogitari
476 4057 586 4134 potest
613 4053 668 4117 vel
694 4052 865 4118 librarium
887 4053 941 4116 vel
966 4051 1065 4116 alium
1089 4052 1258 4130 quendam,
1282 4051 1335 4116 cui
1358 4070 1429 4115 cum
1452 4051 1533 4114 ima·

307 4158 402 4240 gines
426 4163 602 4240 extergere
626 4177 744 4241 magno
767 4158 883 4224 honori
906 4176 979 4223 5555
999 4157 1170 4222 videretur
1183 4157 1355 4235 nobilibus,
1380 4157 1532 4222 miserum

397 4300 417 4370 ¹)
437 4297 597 4352 Zeitschrift
614 4297 660 4350 fiir
678 4296 1024 4351 Altertumsvvissenschaft
1043 4296 1111 4351 1838
1130 4313 1156 4365 p.
1180 4297 1256 4349 1144.

396 4388 417 4460 2)
436 4388 466 4444 in
485 4385 682 4443 commentario
701 4405 749 4442 suo
767 4406 793 4457 p.
814 4388 873 4442 316.
