3482 5072
308 471 443 536 dedisti‘
473 469 650 536 referenda
681 489 755 535 esse
778 471 822 534 ad
845 470 1014 536 consilium
1036 470 1189 535 versibus
1213 471 1390 535 118-119
1414 470 1536 551 datum,

309 597 374 644 non
407 577 449 642 ad
481 583 702 659 praeceptum,
733 577 819 656 quod
850 578 1059 642 contineatur
1087 577 1535 657 versibns120—123‚nou

311 684 480 765 intellego,
512 683 650 765 proinde
682 684 775 763 quasi
807 691 1019 765 praeceptum
1042 683 1095 747 his
1117 684 1270 748 versibus
1294 684 1407 746 datum
1429 682 1536 746 minus

312 809 478 856 commune
511 791 556 855 sit
583 809 680 869 quam
702 789 832 854 illorum
855 789 1073 872 (tls-119).
1119 789 1202 853 llihi
1226 789 1356 868 quidem
1379 796 1478 870 poeta
1500 795 1535 853 et

308 897 461 962 versibus
500 897 675 961 118-119
717 903 752 960 et
791 896 944 960 versibus
983 897 1159 959 lac-123
1196 895 1367 960 consilium
1405 896 1537 960 dedisse

311 1003 446 1068 videtur
470 1002 618 1067 omnibus
641 1001 781 1066 dominis
808 1021 923 1066 servos
946 1002 1121 1066 alentibus.
1167 1002 1212 1066 Ut
1234 1020 1351 1066 verum
1373 1002 1427 1081 sit,
1450 1001 1537 1080 quod

312 1109 491 1175 Teuffelius
524 1109 700 1186 contendit,
730 1128 860 1174 versum
890 1111 954 1173 124
976 1127 1040 1173 non
1064 1115 1142 1189 apte
1166 1108 1320 1188 coniungi
1343 1127 1414 1172 cnm
1438 1126 1536 1173 versu

312 1217 385 1297 123,
417 1216 476 1280 sed
499 1215 614 1281 melius
647 1235 719 1280 cum
741 1233 840 1280 versu
865 1217 937 1296 119,
960 1216 1108 1294 sequitur
1131 1235 1202 1279 enm
1226 1233 1353 1294 quoque
1375 1233 1441 1279 nna
1465 1233 1535 1278 cum

310 1321 459 1386 versibus
494 1323 668 1387 urs-119
701 1342 721 1386 a
753 1329 852 1402 poeta
880 1327 997 1402 postea
1021 1322 1168 1386 additum
1191 1340 1273 1385 esse.
1321 1321 1375 1385 Ita
1396 1321 1537 1386 Naevoli

311 1429 417 1492 oratio
449 1427 484 1492 in
515 1427 626 1509 priore
658 1429 849 1494 recensione
881 1449 901 1492 a
932 1447 1032 1492 versu
1065 1429 1129 1492 125
1161 1428 1360 1509 incepisset;
1393 1434 1449 1492 aut
1477 1446 1536 1508 pro

311 1551 411 1599 versu
446 1535 511 1598 124
540 1535 576 1599 in
608 1534 719 1615 priore
750 1535 944 1599 recensione
976 1534 1060 1598 alius
1091 1534 1218 1614 positus
1251 1541 1451 1616 cratonem
1474 1554 1539 1600 non

310 1648 478 1706 servatum
502 1659 575 1706 esse
598 1639 736 1704 maxime
759 1639 873 1705 mirum
895 1639 1037 1704 videtur.
1085 1638 1178 1721 Quae
1202 1659 1274 1704 eum
1296 1641 1346 1704 ita
1365 1641 1442 1720 sint,
1466 1660 1538 1706 cum

312 1753 516 1828 argumenta,
548 1746 666 1826 quibus
699 1745 876 1810 Teuffelius
907 1746 999 1810 nisus
1032 1746 1193 1827 duplicem
1226 1747 1451 1812 recensionem
1477 1747 1539 1812 hoe

311 1855 384 1920 loco
408 1852 628 1935 investigasse
651 1851 714 1916 sibi
732 1851 825 1916 visus
839 1857 899 1933 est,
922 1871 1010 1916 vana
1025 1859 1124 1931 atque
1138 1852 1236 1918 imita
1251 1873 1323 1918 esse
1338 1853 1539 1934 apparuerit,

312 1959 480 2025 sententia
512 1959 583 2024 eius
615 1959 697 2024 satis
729 1958 876 2023 refutata
908 1963 968 2023 est.
1025 1957 1091 2022 Sed
1121 1959 1220 2023 valde
1253 1959 1398 2024 dubitari
1420 1965 1540 2040 potest,

313 2085 388 2132 num
420 2085 537 2131 versus
567 2067 752 2147 lac-123,
776 2065 831 2145 qui
855 2065 991 2130 eandem
1013 2064 1084 2129 fere
1108 2065 1306 2130 sententiam
1330 2085 1425 2143 quam
1447 2071 1539 2130 ante·

313 2174 469 2238 cedentes
501 2190 607 2252 parva
638 2191 708 2237 cum
741 2173 921 2237 mutatione
949 2171 1163 2252 pronuntiant
1188 2177 1231 2254 et,
1255 2171 1415 2250 siquidem
1438 2172 1539 2236 multo

313 2279 539 2361 languidiores
573 2285 649 2344 sunt
681 2299 776 2360 quam
808 2280 858 2344 illi
881 2279 1095 2363 (ins-119),
1127 2279 1195 2342 vim
1218 2297 1258 2342 ae
1280 2279 1407 2359 pondus
1430 2297 1540 2343 eorum

316 2387 437 2451 misere
460 2385 653 2466 infringunt,
675 2405 696 2448 a
718 2385 881 2450 iuvenale
903 2385 1043 2466 proiecti
1067 2385 1142 2449 sint.

402 2599 472 2663 Iam
509 2617 588 2663 vero
620 2598 682 2662 hac
722 2597 945 2678 disputatione
977 2598 1019 2662 ad
1050 2597 1148 2662 finem
1182 2598 1342 2678 quendam
1374 2596 1543 2678 perducta,

314 2705 475 2785 reliquum
487 2711 546 2787 est,
560 2710 607 2786 ut,
622 2723 705 2784 quae
719 2704 888 2769 invenisse
901 2704 995 2770 nobis
1009 2704 1190 2786 videamur,
1204 2705 1318 2785 paucis
1334 2703 1542 2783 comprehen-

316 2812 438 2876 damus·
492 2811 698 2876 Examinatis
734 2811 836 2890 igitur
872 2811 1046 2875 sententiis
1083 2812 1227 2875 virorum
1265 2811 1451 2891 doctorum,
1487 2809 1544 2888 qui

314 2917 461 2999 vestigia
493 2915 758 2997 amplificationis
790 2917 844 2981 vel
876 2917 1066 2982 mutationis
1100 2936 1120 2980 a
1142 2923 1243 2998 poeta
1264 2917 1337 2997 ipso
1359 2916 1471 2981 factae
1493 2915 1544 2979 in-

315 3024 499 3104 vestigasse
532 3023 595 3087 sibi
627 3022 693 3087 visi
724 3029 808 3104 sunt,
841 3023 923 3088 satis
955 3029 1096 3105 apparet
1129 3043 1177 3104 ea,
1210 3041 1294 3102 quae
1327 3024 1482 3104 leguntur
1508 3022 1544 3086 in

285 3177 288 3187 -
317 3129 489 3196 iuvenalis
512 3130 585 3194 vita
612 3130 666 3211 IV,
697 3136 829 3211 poetam
851 3130 958 3211 ipsum
983 3130 1159 3212 ampliasse
1183 3131 1305 3195 satiras
1329 3136 1363 3194 et
1385 3131 1543 3211 pleraque

318 3241 464 3302 mutasse
501 3235 603 3301 certis
639 3237 797 3317 exemplis
835 3237 1041 3318 comprobari
1076 3256 1141 3302 nou
1178 3256 1284 3318 posse.
1343 3235 1427 3300 Nam
1461 3253 1545 3314 quae

317 3349 511 3426 argumenta
544 3341 686 3422 duplicis
718 3343 920 3407 recensionis
953 3341 1131 3408 Teuffelius
1154 3344 1283 3424 statuit,
1316 3347 1350 3407 et
1378 3341 1545 3407 sententia

316 3449 370 3514 bis
403 3467 559 3531 expressa
592 3453 626 3514 et
659 3448 765 3514 oratic
798 3449 995 3530 interrupta,
1028 3449 1058 3514 si
1089 3450 1201 3529 paullo
1226 3449 1414 3514 accuratius
1438 3447 1544 3534 consi-

318 3555 497 3636 deraveris,
529 3573 617 3620 vana
649 3560 748 3634 atque
780 3553 878 3620 imita
909 3555 1134 3636 reperiuntur,
1166 3560 1344 3636 propterea
1377 3555 1464 3634 quod
1491 3553 1545 3617 vir

317 3661 375 3727 illa
400 3661 515 3726 doctus
539 3666 573 3726 et
596 3661 771 3726 verborum
795 3644 981 3726 contextum
1003 3679 1066 3725 uon
1091 3667 1183 3726 recte
1205 3661 1373 3726 intellexit
1388 3668 1422 3726 et
1437 3662 1543 3726 elocu-

320 3767 442 3832 tionem
475 3765 649 3832 Juvenalis
680 3765 847 3847 propriam
879 3785 994 3847 parum
1017 3767 1174 3847 respexit,
1198 3767 1300 3832 semel
1324 3767 1433 3845 etiam,
1457 3766 1545 3832 unde

319 3879 400 3937 nata
423 3873 468 3938 sit
490 3873 666 3940 lectionum
689 3872 848 3950 varietas,
870 3871 954 3938 falso
970 3872 1160 3954 explicavit.
1198 3872 1264 3938 Sed
1278 3874 1361 3938 haee
1375 3875 1545 3938 hactenus,
