3482 5072
844 303 864 365 9

333 495 445 562 Prima
467 495 580 572 satira,
604 514 688 575 quae
711 495 803 576 operi
817 494 1036 562 Juvenaliano
1060 494 1154 574 quasi
1168 495 1347 577 praefatur,
1368 501 1469 576 poeta

245 601 381 685 exponit
402 601 554 681 primum,
587 621 645 667 cur
677 601 822 667 carmina
855 603 984 683 condat,
1017 606 1052 666 at
1083 600 1179 666 affert
1212 621 1350 680 causam,
1383 603 1469 682 quod

246 707 368 772 totiens
406 707 544 773 aliorum
580 707 832 774 recitationibus
869 713 1010 773 vexatus
1046 707 1162 772 ulcisci
1202 707 1285 773 velit
1322 706 1468 791 (1-18).

246 813 375 878 Deinde
399 810 495 878 affert
529 833 654 895 causas,
683 824 741 879 c'ur
774 815 895 880 satiras
919 813 1042 897 scribat
1067 830 1105 877 ac
1128 831 1191 878 non
1216 814 1327 894 potius
1350 832 1404 887 res
1429 833 1471 878 ex

247 919 449 1002 mythologie
473 920 661 1000 desumptas
684 920 883 986 carminibus
906 919 1059 984 illustret.
1104 919 1157 984 Ad
1180 918 1317 984 satiram
1347 920 1470 985 excita·

247 1031 302 1090 tur
325 1045 405 1091 suae
428 1025 550 1091 aetatis
573 1025 674 1102 vitiis,
698 1045 830 1106 quorum
846 1044 997 1108 magnum
1012 1043 1179 1090 numerum
1197 1024 1295 1090 affert
1308 1045 1329 1091 a
1342 1026 1471 1092 levibus

248 1133 394 1212 peccatis
417 1133 460 1197 ad
483 1132 640 1214 graviora
661 1132 747 1197 vitia
769 1133 943 1197 transiens.
989 1131 1073 1196 Bilis
1096 1137 1247 1196 movetur
1268 1122 1394 1214 cuique,
1417 1133 1472 1213 qui

249 1237 340 1302 videt
371 1239 534 1319 spadones
566 1257 699 1304 uxorem
733 1240 851 1304 ducere
881 1240 961 1320 (22),
994 1237 1149 1302 mulieres
1179 1237 1325 1302 virorum
1358 1243 1472 1318 partes

249 1349 386 1424 agentes
408 1345 534 1410 nudata
557 1364 694 1410 mamma
725 1345 760 1410 in
793 1364 925 1410 arenam
957 1332 1156 1409 descendere
1190 1343 1266 1425 (23),
1298 1343 1472 1409 libertinos

249 1450 338 1530 ipsos
364 1451 493 1534 divitiis
517 1471 556 1516 ae
579 1451 717 1516 mollitie
739 1450 898 1532 patricios
921 1469 1079 1531 superare
1098 1450 1266 1535 (nt-29),
1290 1450 1473 1515 causidicos

251 1556 470 1640 delationibus
494 1577 572 1638 opes
596 1557 660 1622 sibi
688 1576 878 1638 comparare
911 1557 1077 1640 (ra-33),
1110 1558 1277 1622 delatores
1310 1556 1481 1634 nobilissi-¹

251 1681 336 1726 mum
360 1682 517 1744 quemque
540 1664 635 1730 bonis
658 1665 806 1746 paternis
831 1683 950 1729 exuere
971 1668 1009 1728 et
1036 1663 1125 1728 inter
1146 1681 1183 1728 se
1206 1662 1333 1744 timere,
1360 1663 1410 1728 ita
1438 1668 1475 1728 ut

251 1769 361 1834 Massa
395 1757 429 1835 et
453 1770 569 1852 Carus,
602 1771 658 1851 qui
691 1777 726 1836 et
757 1771 822 1853 ipsi
852 1769 1029 1835 clarissimi
1062 1775 1157 1834 erant
1189 1769 1354 1834 delatores
1386 1768 1476 1835 illius

252 1877 417 1958 temporis,
441 1877 589 1959 timeant,
613 1898 653 1944 ne
678 1879 719 1943 ab
743 1878 808 1946 alio
833 1877 971 1957 quodam
994 1875 1184 1941 deferantur
1209 1875 1375 1958 (aa-36),
1400 1893 1476 1940 non·

253 1982 359 2047 nullos
390 1983 582 2049 libidinibus
598 2047 604 2060 ,
622 1983 889 2050 sceleratissimis
921 1982 1092 2048 mulierum
1124 1982 1262 2060 servire,
1296 1988 1333 2046 ut
1365 2001 1476 2046 earum

254 2089 393 2154 heredes
424 2089 507 2164 fiant
538 2091 713 2174 (st-44),
745 2089 887 2171 pupillos
919 2089 1059 2156 fortunis
1092 2108 1112 2153 a
1144 2087 1308 2154 tutoribus
1340 2087 1478 2170 spoliari

184 2223 186 2227 ·
255 2192 423 2276 (ts-47),
445 2197 699 2276 repetundarum
721 2215 796 2262 reos
810 2196 1043 2275 damnatosque
1067 2194 1238 2260 maximam
1250 2179 1381 2276 partem
1399 2193 1479 2258 reti-

255 2317 334 2364 nere
358 2287 526 2382 pecuniae
558 2303 593 2366 in
625 2302 804 2383 provinciis
836 2321 896 2383 per
927 2303 995 2366 vim
1028 2310 1062 2368 et
1093 2300 1242 2366 fraudem
1275 2309 1412 2366 exactae
1445 2304 1480 2365 et

167 2476 172 2484 ,
257 2407 369 2470 exules
384 2407 582 2473 luxuriosius
601 2409 717 2474 vivere
741 2428 836 2488 quam
859 2408 946 2473 domi
970 2410 1055 2488 (41·
1070 2409 1134 2489 50).
1181 2407 1294 2488 Neque
1313 2407 1479 2472 deteriora

257 2511 384 2594 desunt,
409 2532 480 2578 cum
503 2515 606 2580 omnis
621 2515 779 2596 probitas
800 2516 914 2598 pudor,
938 2515 1072 2581 deorum
1090 2512 1281 2579 reverentia
1296 2511 1481 2578 evanuerit:

256 2618 369 2684 mariti
399 2619 465 2701 ipsi
497 2620 700 2701 prostituunt
731 2641 850 2687 uxores
883 2614 968 2700 suas,
1005 2627 1043 2686 ut
1081 2620 1148 2685 filio
1186 2619 1250 2684 sibi
1286 2623 1364 2685 nato
1397 2619 1482 2683 bona

258 2726 462 2790 moechorum
489 2727 676 2793 hereditate
701 2727 866 2808 accipiant
893 2727 1062 2811 (os-57),
1092 2728 1158 2793 dux
1185 2725 1365 2790 cohortium
1394 2723 1479 2788 omni

123 2877 126 2882 -
258 2848 296 2894 re
318 2829 476 2897 familiari
499 2833 620 2899 amissa
643 2853 708 2900 non
731 2833 862 2899 dubitat
879 2839 993 2916 partes
1007 2831 1259 2899 Automedontis
1276 2835 1369 2912 pueri
1383 2849 1482 2911 agere

260 2944 294 3002 et
318 2956 427 3002 coram
451 2941 598 3006 omuibus
622 2961 685 3006 axe
708 2941 812 3006 citato
836 2939 1030 3006 Flaminiam
1052 2939 1228 3022 pervolare
1251 2937 1423 3016 (bit-62),
1446 2942 1484 3000 ut
1549 2962 1551 2966 ·

259 3043 378 3123 aliquis
401 3043 485 3110 falso
508 3050 706 3114 testamento
730 3047 861 3113 subdito
885 3048 978 3112 dives
1001 3047 1061 3112 fiat
1075 3065 1116 3112 ex
1129 3062 1284 3126 paupere,
1306 3041 1395 3108 haud
1408 3060 1484 3106 raro

261 3149 570 3236 acciditld3—68),
594 3153 682 3218 haud
704 3154 821 3236 rarius,
844 3160 880 3220 ut
903 3173 985 3220 uxor
1004 3153 1157 3218 maritum
1170 3167 1298 3216 veneno
1314 3148 1355 3213 de
1378 3147 1484 3212 medio
1593 3221 1598 3231 ¹

261 3254 359 3319 tollat
382 3256 549 3339 (eo-72).
594 3259 656 3324 His
689 3249 843 3340 quattuor
876 3260 1033 3342 exemplis
1057 3259 1169 3325 allatis
1193 3263 1292 3338 poeta
1311 3241 1485 3335 bortatur,

261 3366 306 3443 ut,
330 3361 386 3440 qui
407 3364 522 3428 valere
545 3364 673 3445 aliquid¹
693 3361 777 3432 velit
799 3367 859 3433 illa
873 3361 993 3448 aetate,
1018 3367 1140 3432 crimen
1154 3383 1257 3448 grave
1271 3363 1377 3436 ineat3
1402 3379 1486 3442 ,nam

262 3467 451 3534 criminibus
475 3470 596 3536 debent
618 3473 739 3555 hortos,
761 3473 937 3555 praetoria,
961 3474 1308 3556 mensaslargentum
1330 3473 1427 3531 vetus
1452 3471 1486 3530 et
1510 3489 1515 3500 ‘

262 3579 402 3640 stantem
427 3580 522 3641 extra
540 3580 659 3659 pocula
683 3586 824 3661 caprum‘
849 3581 1015 3663 (us-76).
1060 3578 1256 3657 Priusquam
1284 3592 1363 3640 vero
1388 3576 1487 3652 poeta

261 3680 347 3745 hanc
360 3686 498 3765 partem,
521 3703 585 3763 qua
600 3686 743 3767 exponit,
767 3705 825 3751 cur
843 3687 964 3750 satiras
984 3685 1119 3766 scribat,
1143 3684 1186 3748 ad
1204 3683 1301 3746 finem
1319 3679 1487 3762 perducat,

263 3785 346 3852 alias
370 3788 526 3867 quasdam
549 3789 787 3874 indignationis
803 3811 920 3858 causas
945 3791 1049 3857 affert.
1094 3790 1197 3855 Notat
1222 3787 1307 3852 enim
1321 3787 1404 3850 baec
1422 3784 1490 3849 tria
1622 3773 1625 3778 ’

263 3891 315 3956 sui
345 3893 503 3974 temporis
537 3897 794 3964 obscoenissima
826 3899 926 3964 vitia:
969 3902 1193 3979 corruptorem
1224 3911 1324 3958 nurus
1357 3909 1490 3968 avarae,

263 4017 346 4077 quaa
370 3999 476 4080 magis
498 4001 589 4066 lucro
614 4022 706 4083 quam
730 4004 912 4086 pudicitiae
936 4004 1095 4078 consulat,
1119 4019 1256 4083 sponsas
1279 4003 1394 4079 turpes
1417 3997 1437 4062 i.
1464 4016 1490 4060 e.

263 4105 353 4170 viros
376 4105 457 4170 viris
480 4107 648 4190 nubentes,
676 4110 711 4176 id
734 4112 819 4191 quod
851 4132 869 4172 a
892 4110 1021 4176 Nerone
1054 4108 1176 4173 factum
1211 4125 1286 4171 esse
1310 4103 1490 4183 scriptores

264 4218 395 4278 veteres
419 4217 586 4280 testantur
610 4215 751 4298 (Sueton.
780 4218 867 4282 Nero
892 4217 1032 4282 28-29.
1065 4213 1222 4297 46-49),
1245 4214 1490 4293 praetextatum

265 4319 457 4402 adulterum,
488 4323 545 4403 qui
568 4343 650 4405 puer
673 4324 779 4390 adhuc
798 4321 1074 4389 sceleratissimae
1099 4320 1151 4386 illi
1179 4314 1337 4384 adulterii
1360 4313 1492 4378 libidini

265 4427 379 4496 servit.
425 4428 543 4513 Quare,
567 4452 639 4498 cum
663 4437 713 4497 tot
736 4433 902 4510 tantisque
929 4428 1023 4494 vitiis
1048 4427 1270 4493 contaminata
1294 4422 1338 4488 sit
1363 4419 1493 4500 civitas,
