3482 5072
285 1187 368 1266 De
395 1183 662 1285 vestigiis,
691 1204 829 1282 quae
857 1181 1141 1279 habentur,
1169 1181 1404 1283 duplicis
1423 1206 1510 1263 re·

331 1365 334 1371 ·
398 1325 669 1405 censionis
698 1323 759 1402 in
787 1323 972 1402 satiris
999 1323 1404 1402 Juvenalianis.

379 1628 430 1723 ln
455 1651 629 1718 luvenalis
654 1649 725 1715 vita
738 1650 791 1715 IV.
816 1649 964 1730 omnium,
988 1654 1148 1730 quotquot
1171 1649 1214 1714 ad
1232 1653 1379 1715 nostram
1394 1669 1511 1732 perve-

284 1779 364 1826 nere
379 1765 531 1840 aetatem,
545 1756 743 1823 brevissima
757 1762 791 1821 et
815 1755 1074 1838 locupletissima
1097 1754 1242 1822 refertur
1264 1755 1299 1820 in
1322 1757 1422 1823 exilio
1438 1775 1511 1822 eum

285 1867 407 1934 satiras
431 1865 608 1948 ampliasse
632 1868 665 1928 ot
687 1864 842 1944 pleraque
866 1867 1019 1927 mutasse.
1067 1861 1192 1944 Quibus
1222 1863 1335 1928 verbis
1359 1868 1396 1928 ut
1418 1863 1512 1928 testi-

286 1971 393 2056 monio
418 1970 601 2037 certissimo
624 1969 731 2035 utitur
744 1966 974 2050 Ribbechins¹)
991 1968 1034 2032 ad
1048 1969 1231 2052 augendam
1245 1968 1313 2033 vim
1327 1969 1513 2034 sentcntiae

285 2077 405 2158 priscis
427 2077 494 2142 iam
517 2075 719 2158 temporibus
752 2093 826 2140 esse
859 2075 1041 2157 cogitatum
1070 2075 1111 2140 de
1133 2074 1447 2157 interpolationibus
1471 2075 1513 2140 ab

201 2169 204 2172 ’
287 2183 363 2248 aliis
386 2182 555 2248 Juvenalis
588 2181 718 2247 nomine
741 2180 854 2261 factis3
886 2199 992 2260 neque
1025 2181 1117 2258 enim,
1151 2199 1223 2246 cum
1257 2181 1416 2247 credibile
1448 2199 1513 2246 non

286 2289 331 2355 sit
353 2288 665 2354 Juvenalemsenio
690 2294 724 2354 et
747 2287 858 2353 taedio
882 2289 974 2352 vitae
997 2286 1180 2354 confectum
1209 2289 1330 2354 satiras
1359 2292 1514 2369 mutasse,

285 2397 367 2460 haec
390 2395 494 2460 verba
517 2395 558 2460 de
581 2394 639 2459 illo
663 2411 736 2459 esse
758 2393 983 2475 intellegenda
1006 2393 1066 2458 sed
1088 2394 1200 2475 potius
1224 2394 1265 2458 de
1289 2397 1389 2476 poeta
1411 2393 1514 2458 minu·

285 2503 364 2583 tulo,
382 2501 439 2582 qui
456 2502 539 2566 lucri
558 2499 818 2566 studiosissimus
832 2499 954 2564 satiras
969 2499 1180 2581 ampliaverit
1204 2503 1238 2564 et
1260 2518 1364 2566 novas
1388 2500 1515 2580 aliquot

286 2607 461 2672 addiderit.
506 2607 569 2672 Sed
594 2606 744 2688 cupidius
776 2611 814 2672 ut
845 2606 1035 2687 plerumque
1058 2605 1261 2671 Ribbeehius
1287 2606 1454 2672 iudicasse
1479 2610 1515 2670 et
1572 2597 1574 2601 ’

286 2712 508 2778 testimouium
533 2718 715 2792 aucupatus
739 2729 813 2776 esse
843 2711 922 2776 mihi
944 2711 1085 2791 videtur,
1116 2729 1178 2790 quo
1201 2713 1329 2778 uitatm·
1356 2729 1515 2794 peruerse

287 2837 387 2901 saepe
414 2820 499 2886 inita
524 2827 558 2885 et
580 2821 669 2886 ultra
692 2837 772 2899 quos
795 2818 876 2883 licet
898 2817 980 2883 fines
1003 2817 1221 2904 progrediens
1251 2818 1339 2885 ratio
1367 2819 1513 2899 interpo-

287 2925 453 2992 lationum.
498 2927 544 2991 At
568 2925 626 2991 alii
648 2927 715 2990 viri
729 2925 827 3006 docti,
840 2928 922 2990 'cum
942 2925 1045 2990 verba
1059 2925 1119 2990 illa
1133 2925 1176 2989 ad
1190 2925 1385 2990 Juvenalem
1408 2924 1513 3006 ipsum

240 3023 243 3030 ’
287 3031 453 3113 pertinere
477 3032 541 3097 sibi
559 3033 807 3114 persuaderent,
831 3030 985 3113 sagacius
1009 3048 1106 3110 quam
1120 3031 1233 3096 verius
1247 3031 1388 3111 probare
1403 3029 1515 3096 conati

289 3143 365 3202 sunt
395 3137 542 3218 vestigia
573 3137 629 3201 vel
651 3136 916 3218 amplificationis
948 3137 1003 3202 vel
1036 3137 1226 3202 mutationis
1258 3157 1278 3200 a
1310 3143 1410 3219 poeta
1442 3137 1516 3219 ipso

234 3225 238 3234 ’
289 3242 464 3308 institutae
496 3247 627 3308 exstare
658 3243 693 3308 in
724 3242 838 3308 satiris
865 3243 1102 3309 Juvenalianis.
1148 3243 1197 3308 Ac
1228 3242 1353 3324 primus
1385 3241 1515 3322 quidem

288 3348 499 3414 Heinrichius
522 3349 558 3415 in
581 3349 694 3414 satiris
718 3349 859 3431 duplicis
882 3350 1085 3416 recensionis
1099 3349 1243 3430 vestigia
1257 3348 1516 3430 deprehendisse

288 3455 352 3520 sibi
374 3455 466 3521 visus
490 3461 550 3538 est,
579 3475 650 3523 cum
673 3457 756 3521 haec
779 3456 942 3522 scriberet
970 3457 1005 3521 in
1029 3455 1260 3522 commentario
1283 3475 1312 3536 p.
1337 3455 1416 3520 330:
1439 3453 1516 3536 „Ich
1544 3473 1547 3481 ¹

175 3604 177 3608 -
288 3562 426 3642 glaubte
454 3568 556 3644 sonst‚
590 3563 649 3627 der
672 3563 812 3627 Dichter
835 3565 942 3627 kbnne
975 3562 1080 3626 selbst
1111 3561 1146 3626 in
1173 3579 1280 3626 neuen
1302 3559 1516 3625 Abschriften

287 3668 398 3734 seiner
420 3669 543 3735 Werke
568 3668 641 3734 eine
663 3668 904 3752 Vertndernng
927 3668 1076 3748 gemacht
1100 3667 1217 3748 haben,
1244 3667 1312 3732 und
1335 3685 1370 3732 es
1394 3665 1524 3746 pflanz-¹

287 3780 345 3839 ten
368 3775 439 3840 sich
466 3774 611 3840 nachher
643 3775 741 3840 beide
764 3774 927 3838 Lesartan
959 3769 1205 3838 nacheinan'der
1237 3772 1304 3838 fort
1334 3773 1370 3837 in
1402 3772 1514 3837 Hand-

289 3879 455 3958 schritten,
479 3881 533 3945 die
556 3881 641 3944 nach
667 3880 740 3945 dem
764 3884 877 3944 ersten
899 3879 965 3945 und
987 3879 1171 3944 revidirten
1195 3878 1343 3960 Original
1362 3878 1516 3960 gemacht

288 3985 433 4051 worden.
482 3987 510 4067 7,
536 3987 599 4050 139
618 3985 745 4051 theilen
760 3986 831 4050 sich
846 3985 899 4050 die
914 3975 1044 4050 codices
1069 3984 1230 4050 ebenfalls
1254 3985 1418 4052 zwischen
1432 3984 1515 4050 zwei

287 4092 458 4172 Lesarten‚
482 4091 536 4156 die
561 4092 658 4156 allero
672 4092 825 4158 Ansehen
849 4093 934 4156 nach
957 4091 1055 4158 beide
1078 4111 1153 4156 vom
1166 4091 1307 4158 Dichter
1325 4091 1516 4156 herriihron.

289 4250 500 4262 h———n———u—

379 4301 398 4369 1)
418 4302 449 4354 In
467 4301 546 4368 libro,
567 4300 616 4370 qui
635 4300 796 4355 inscribitur
814 4301 877 4367 ,Der
895 4301 974 4355 echte
992 4301 1050 4354 und
1069 4301 1116 4355 der
1130 4303 1249 4356 unechte
1262 4301 1395 4356 Juvenal‘.
1424 4299 1515 4353 Berol.

289 4389 365 4445 1865.
385 4408 412 4458 p.
433 4392 467 4444 72
486 4408 525 4458 sq.
