3482 5072
888 282 928 344 12

827 371 987 379 ·.--.--

295 491 560 554 supervacaneos
593 468 652 538 sed
685 473 783 539 etiam
818 474 977 540 orationis
1010 478 1197 540 contentum
1227 474 1322 540 foede
1344 475 1519 542 interrum-

296 584 413 660 pentes
445 579 602 644 Juvenali
635 580 780 662 abroget,
813 599 885 645 cum
917 575 1060 661 speciem
1083 581 1337 648 Juvenalianam
1369 603 1450 665 prae
1483 604 1519 651 se

294 685 419 767 ferant,
452 690 489 750 ut
520 685 554 749 in
586 685 696 766 priore
728 687 918 752 recensione
951 705 971 751 a
1004 691 1103 768 peeta
1133 686 1205 768 ipso
1238 707 1294 753 eos
1323 690 1518 771 compositos

295 797 398 874 putet,
421 797 538 872 postea
551 811 631 856 vero
654 791 690 856 in
712 793 820 857 altera
834 793 1025 874 recensione
1040 793 1089 857 eis
1103 793 1299 859 substitutos
1315 813 1387 861 esse
1402 785 1519 861 versus

190 933 192 937 ·
297 916 400 977 ‚quem
423 898 551 979 patitur
575 935 617 944 -
642 897 835 980 Cluuienus,
859 903 1031 979 utramque
1055 917 1132 964 vero
1155 899 1380 965 recensionem
1404 903 1447 967 ad
1460 922 1519 968 nos

296 1023 369 1070 esse
401 1011 618 1086 propagatam
652 1004 813 1070 editorum
837 1007 942 1087 culpa,
971 1005 1026 1085 qui
1049 1006 1242 1096 alterutram
1265 1007 1353 1071 haud
1376 1007 1520 1074 libenter

297 1111 409 1176 delere
432 1111 606 1176 voluerint.
663 1111 698 1177 Si
722 1111 794 1191 quis
816 1112 940 1176 leviter
964 1113 1124 1194 attendat,
1149 1112 1191 1177 ad
1214 1111 1366 1177 Teuffelii
1390 1120 1519 1179 senten-

296 1217 378 1282 tiam
409 1217 507 1282 facile
541 1218 678 1299 perduci
704 1223 823 1300 potest.
869 1219 915 1283 At
938 1223 1049 1283 tamen
1071 1219 1182 1299 paullo
1208 1219 1393 1285 accuratius
1416 1221 1520 1309 respi-

297 1324 399 1389 cienti
423 1324 503 1388 mihi
527 1325 744 1390 elocutionem
762 1325 935 1390 Juvenalis
959 1325 1133 1406 propriam,
1158 1325 1213 1403 qui
1230 1324 1334 1390 fusius
1350 1326 1520 1406 disputare

288 1436 332 1495 et
357 1449 427 1496 rem
450 1429 611 1496 adfinem
634 1431 827 1511 perductam
849 1431 944 1496 novis
964 1431 1131 1513 exemplis,
1155 1431 1249 1511 quasi
1263 1431 1367 1496 denuo
1381 1432 1521 1514 incipiat

298 1537 414 1618 oratio,
445 1537 614 1602 illustrare
648 1536 826 1618 consuevit,
858 1537 911 1601 vir
941 1537 1000 1602 ille
1032 1537 1240 1601 doctissimus
1273 1555 1338 1601 non
1364 1545 1455 1603 recte
1479 1539 1520 1604 de

297 1643 358 1708 hoc
381 1645 452 1708 loco
475 1641 641 1707 iudicasse
663 1641 803 1708 videtur.
848 1643 925 1723 Ipse
949 1643 989 1707 de
1007 1641 1213 1724 proprietate
1227 1642 1285 1706 illa
1299 1643 1520 1710 Juvenaliana
1625 1689 1627 1693 -

298 1749 466 1815 subtiliter
488 1750 570 1814 haec
594 1747 765 1832 1111111111)
812 1750 877 1831 ,,Ζ1
901 1749 1006 1814 einem
1031 1750 1162 1814 wahren
1175 1750 1335 1815 Klinstler
1347 1750 1432 1815 fehlt
1447 1751 1519 1816 dem

297 1857 443 1922 Juvenal
466 1855 520 1921 die
545 1854 738 1936 Genialita't,
762 1855 817 1921 die
840 1855 961 1920 leicbte
985 1857 1267 1936 geschmackvolle
1287 1856 1521 1939 Gruppierung

298 1965 355 2029 des
379 1961 506 2043 Stoffes,
540 1962 592 2027 die
615 1961 974 2043 Formbeherrschung3
1008 1963 1178 2027 keuchend
1202 1965 1326 2027 kommt
1350 1982 1387 2028 er
1409 1963 1520 2044 daher,

297 2072 364 2137 und
386 2073 486 2136 haum
509 2069 569 2133 hat
592 2088 636 2146 11,
659 2088 724 2134 111
748 2069 807 2133 der
829 2067 936 2133 Natur
954 2068 1177 2150 iiberwttltigt,
1201 2069 1298 2132 einen
1311 2069 1520 2150 Augenblick

297 2179 406 2244 Panse
430 2177 592 2259 gemacht,
616 2194 652 2240 so
676 2174 754 2240 rafft
777 2193 814 2239 er
837 2175 907 2240 sich
929 2193 996 2238 von
1017 2193 1132 2239 neuem
1148 2173 1212 2256 auf,
1235 2195 1289 2240 um
1304 2174 1417 2239 seinen
1433 2175 1521 2239 1111111-

298 2284 424 2364 seligen
447 2283 534 2364 Weg
565 2281 815 2347 forinusetzen.“
873 2281 922 2347 Ne
946 2282 1153 2346 Hermeunus
1177 2281 1316 2362 quidem,
1340 2280 1519 2360 1111111-

297 2390 383 2454 nalis
414 2389 558 2454 virtutes
590 2387 730 2452 maxime
761 2388 930 2451 illustrare
963 2387 1087 2469 studet,
1102 2371 1104 2378 ’
1119 2399 1224 2469 genus
1256 2387 1339 2452 illud
1363 2387 1520 2452 orationis

297 2495 403 2561 fusum
436 2501 469 2560 et
502 2497 644 2559 tractum
675 2500 790 2574 negat,
832 2511 903 2558 cum
941 2489 1077 2575 dicat²):
1114 2493 1215 2571 ‚Intra
1247 2493 1395 2574 singulas
1428 2494 1521 2558 modo

297 2606 412 2683 partes
445 2602 507 2666 hoc
539 2600 604 2665 sibi
635 2600 794 2680 indulget,
827 2603 864 2663 ut
896 2601 998 2664 semel
1020 2617 1091 2664 rem
1114 2599 1238 2665 dixisse
1261 2619 1326 2666 non
1350 2605 1521 2665 contentus

286 2708 436 2774 eandem
459 2705 563 2771 variis
586 2707 641 2770 111
665 2707 903 2798 1111111111111
925 2705 1124 2788 imaginibus
1146 2705 1292 2770 illustret
1307 2724 1442 2786 cumque
1456 2705 1522 2770 iam

300 2815 408 2880 omnia
449 2812 641 2908 exhausisse
682 2813 852 2890 videatur,
897 2818 1044 2878 veterem
1085 2811 1283 2877 sententiam
1320 2811 1521 2892 argutiarum

298 2919 475 2985 luminibus
498 2918 685 2998 inflammet,
708 2919 804 2983 immo
828 2920 883 2983 vel
906 2917 1064 2984 fortuitae
1086 2917 1261 2983 mentionis
1276 2917 1521 2999 opportunitate

299 3029 343 3092 ad
364 3026 525 3108 longioris
549 3024 797 3090 declamationis
821 3025 955 3090 aculeos
979 3025 1135 3090 abutatur
1158 3026 1229 3089 etc‘

389 3132 483 3215 Quod
514 3137 632 3212 poetae
664 3131 831 3212 proprium
864 3151 937 3197 esse
969 3129 1146 3196 Teuffelius
1174 3130 1316 3212 ingenue
1339 3129 1523 3213 profitetur,

200 3261 203 3268 ¹
299 3239 401 3304 idad
424 3238 622 3322 sententiam
645 3237 710 3301 viri
734 3237 824 3302 illius
849 3238 938 3303 docti
955 3236 1164 3302 refutandam
1177 3237 1270 3300 valet
1283 3253 1388 3315 neque
1403 3253 1522 3300 causae

300 3345 477 3426 quidquam
509 3362 582 3410 esse
614 3343 754 3425 videtur,
787 3363 844 3409 cur
877 3344 920 3408 ad
942 3343 1119 3408 remedium
1142 3343 1225 3407 illud
1248 3341 1388 3422 duplicis
1410 3360 1522 3406 recen-

299 3451 402 3517 sionis
436 3449 667 3532 confugiamus.
724 3451 828 3514 Poeta
854 3448 1084 3530 indignatione
1107 3449 1223 3530 plenus
1247 3453 1281 3512 et
1305 3447 1522 3512 exacerbatus

299 3557 487 3638 priusquam
511 3557 624 3640 pergit
646 3576 711 3622 non
734 3556 838 3621 minus
857 3556 1023 3621 terribilia
1038 3563 1072 3621 et
1084 3554 1182 3620 foeda
1195 3553 1342 3619 facinora
1357 3571 1523 3633 enarrare,

301 3665 450 3744 paullum
469 3663 623 3729 consistit
646 3669 679 3728 et
694 3682 820 3728 omnem
834 3663 942 3744 bilem,
957 3681 1052 3742 quem
1067 3662 1099 3726 ei
1113 3661 1216 3725 movit
1229 3665 1279 3725 tot
1294 3663 1523 3737 tantorumque

282 3853 285 3858 Ι
300 3769 455 3834 vitiorum
480 3767 666 3850 descriptio,
685 3767 828 3834 effundit.
865 3768 918 3833 Ad
932 3786 1037 3850 genus
1051 3767 1134 3832 illud
1149 3765 1342 3832 elocutionis
1355 3764 1523 3829 illustrau-

302 3875 376 3939 dum
399 3895 457 3956 pro
481 3875 592 3940 multis
615 3894 712 3940 unum
736 3873 835 3940 affero
860 3861 1042 3957 exemplum
1065 3871 1366 3938 manifestissimum
1386 3870 1525 3934 esatira

300 3980 380 4044 XIV
402 3981 551 4061 petitum.
590 3983 696 4047 Poeta
710 3980 796 4046 enim
811 3999 1005 4061 quamquam
1018 3979 1169 4045 versibus
1186 3979 1360 4042 161-172
1375 3981 1525 4040 veterum

300 4086 430 4152 illorum
453 4091 636 4174 temporum
659 4087 903 4170 simplicitatem
926 4084 1134 4167 praedicavit
1158 4089 1192 4149 et
1215 4101 1287 4148 cum
1309 4100 1387 4146 suae
1403 4080 1524 4146 aetatis

300 4193 431 4258 luxuria
455 4193 602 4275 contulit,
625 4199 735 4260 tamen
760 4214 787 4258 1.
812 4195 876 4258 179
900 4211 946 4272 sq.
971 4192 1013 4256 ad
1037 4191 1173 4256 eandem
1195 4207 1264 4253 rem
1288 4186 1385 4252 redit.

391 4333 414 4399 ¹)
433 4333 463 4386 in
482 4331 711 4386 adnotationibus
729 4332 766 4386 111
783 4331 996 4385 translationem
1015 4329 1163 4383 satirarum
1180 4345 1207 4396 p.
1230 4325 1287 4380 164.

390 4422 412 4494 2)
431 4422 461 4477 in
479 4421 595 4492 praefat.
615 4420 680 4475 edit.
700 4439 727 4490 p.
747 4420 791 4474 XI.
