3482 5072
741 301 899 398 „43-

298 495 395 559 dandi
428 498 571 562 rationes
606 501 751 562 restantt
783 515 857 576 una,
890 516 954 578 qua
987 516 1058 562 cum
1092 497 1278 578 Dausqueio
1312 496 1354 560 ad
1377 493 1433 560 su.

297 601 368 666 Ital.
417 605 466 683 14,
490 604 555 670 616
581 623 667 685 ,saxa
691 602 827 686 Cyanea‘
852 603 1031 685 scribimus,
1056 621 1151 684 quam
1175 603 1344 668 lectionem
1366 602 1433 666 Ru-

299 707 433 790 pertius,
458 729 528 774 cum
545 729 564 773 a
584 711 728 775 metricis
752 709 877 790 legibus
901 709 1078 774 abhorrere
1100 709 1276 789 rideretur,
1301 709 1433 790 respuit.

299 813 371 879 Non
403 821 503 896 recte3
535 835 609 880 nam
642 815 842 897 iuvenalem,
874 815 906 878 id
939 816 1025 896 quod
1057 815 1203 895 plerique
1227 814 1433 880 classicorum

298 927 466 1002 poetarum
502 924 703 987 committere
727 924 968 1005 dubitaverunt,
985 923 1146 988 ‘ultimam
1170 923 1317 988 vocabuli
1341 941 1434 988 voca·

299 1029 363 1092 lem
386 1029 518 1092 brevem
543 1029 733 1110 produxisse
756 1035 913 1110 sequente
936 1030 1092 1096 vocabulo
1112 1030 1270 1094 adnabus
1285 1031 1435 1094 consonis

300 1134 474 1215 incipiente
498 1135 728 1216 comprobatur
752 1137 781 1216 8,
806 1137 869 1200 107
895 1138 1020 1203 occulta
1044 1137 1154 1218 spolia.
1200 1135 1316 1201 Altera
1330 1153 1435 1200 emen·

298 1241 439 1306 dationis
462 1243 548 1306 ratio
572 1247 622 1307 est
642 1240 812 1324 ,Cyaneast
850 1241 930 1306 Tum
945 1243 1035 1308 locus
1050 1248 1097 1308 ita
1112 1242 1292 1324 explicetur
1306 1260 1436 1308 necesse

301 1354 359 1428 cst,
391 1354 428 1411 ut
451 1365 569 1412 nomen
591 1351 758 1430 proprium
783 1349 949 1432 ,Cyaneas‘
972 1369 1030 1432 per
1053 1338 1289 1433 appositionem
1314 1349 1436 1413 nomini

301 1455 496 1536 appellativo
521 1457 616 1535 ,saxa‘
644 1455 850 1538 adiungatur.
904 1457 1021 1523 Nescio
1054 1477 1095 1522 an
1129 1459 1242 1523 eodem
1276 1456 1370 1520 modo
1393 1455 1437 1518 sit

302 1559 525 1641 explicandum
541 1561 570 1642 5,
585 1562 627 1627 38
643 1564 711 1644 ipse
726 1581 859 1644 capaces
873 1563 1044 1628 Heliadum
1065 1569 1188 1628 crustas
1202 1571 1235 1627 11
1249 1562 1437 1642 inaequales

301 1667 426 1732 berullo
451 1668 545 1732 Virro
570 1673 661 1734 tenet
693 1669 826 1751 phialas.
881 1669 933 1735 Sic
955 1670 1093 1736 Jahnius
1117 1669 1287 1752 legendum
1312 1669 1438 1734 censuit

216 1862 219 1868 1
302 1779 416 1840 contra
438 1773 477 1838 Pi
499 1776 739 1857 auctoritatem,
762 1776 817 1857 qui
832 1777 994 1858 ,berullos‘
1009 1773 1173 1857 exhibet¹l
1218 1775 1292 1841 Mea
1307 1773 1437 1855 quidem

303 1881 467 1946 sententia
503 1900 567 1945 non
606 1889 667 1963 est,
704 1902 761 1946 cnr
794 1883 835 1947 ah
867 1883 924 1946 illa
955 1883 1095 1948 lectione
1119 1883 1333 1961 discedamus,
1367 1900 1438 1946 cum

305 1987 475 2068 explicatio
499 2006 576 2052 saue
600 1989 767 2069 probanda
791 2008 855 2055 non
880 1991 971 2054 desit.
1017 1989 1064 2053 Ut
1087 1990 1172 2054 enim
1188 2009 1302 2054 nomen
1319 1990 1439 2053 domini
1517 2042 1518 2046 ,

304 2095 495 2176 pronomini,
519 2096 604 2174 quod
628 2095 799 2177 antecedit,
823 2099 910 2177 ,ipse‘
929 2115 987 2177 per
1001 2097 1236 2177 appositionem
1251 2096 1439 2160 adiunctum

305 2206 363 2280 est,
395 2199 442 2264 ita
474 2218 569 2265 voces
603 2204 746 2282 ,11111111ι
779 2210 812 2269 11
844 2203 1005 2284 ,berullos‘
1038 2202 1179 2282 speciem
1212 2206 1246 2266 11
1269 2203 1439 2266 materiam

304 2306 405 2386 magis
419 2324 517 2387 quam
531 2327 632 2388 genus
648 2328 797 2374 vasorum
812 2307 1030 2390 significantes
1044 2310 1226 2374 accuratius
1241 2307 1441 2373 definiuntur

305 2432 382 2478 voce
406 2413 556 2494 ,phialast
604 2413 769 2495 ,Berullos‘
793 2434 871 2480 vero
895 2435 954 2498 per
977 2416 1205 2494 metonymiam
1229 2433 1288 2496 pro
1312 2434 1398 2496 ,vasa
1422 2435 1439 2480 1

305 2519 438 2584 berullis
461 2519 558 2584 11111ι
582 2521 703 2586 dictum
728 2522 935 2589 offensionem
950 2541 1015 2586 non
1030 2523 1174 2604 praebet,
1189 2541 1261 2587 cum
1275 2523 1296 2587 J
1298 2522 1443 2588 nveualis

306 2625 369 2689 alio
384 2625 454 2690 loco
470 2627 619 2693 similiter
643 2629 818 2707 ,electrum‘
832 2648 890 2711 pro
910 2649 975 2710 ,vas
991 2648 1029 2692 11
1049 2630 1169 2692 1111111
1184 2626 1314 2692 lactum‘
1333 2634 1441 2709 ponat.

307 2730 344 2796 ci.
379 2733 430 2806 14,
464 2732 528 2797 307
562 2734 721 2799 attonitus
753 2753 813 2814 pro
848 2735 966 2799 electro
1001 2735 1164 2815 signisque
1197 2735 1271 2799 suis.
1324 2735 1444 2815 7,130

306 2857 424 2919 magno
448 2856 520 2911 cum
544 2841 884 2908 11111111111111111.
929 2840 1189 2940 incumbere
1213 2839 1289 2924 (Cic.
1309 2860 1441 2923 praepp.

307 2945 374 3026 ,ad‘,
407 2945 458 3026 ,in‘
491 2965 515 3010 c.
548 2966 623 3028 acc.;
656 2949 732 3012 inde
756 2969 775 3013 a
798 2949 941 3028 Vergilio
965 2948 1053 3028 apud
1074 2954 1187 3027 poetas
1213 2953 1245 3013 et
1268 2949 1444 3028 scriptores

307 3053 472 3130 prosaicos
508 3054 699 3134 plerumque
737 3055 814 3136 dat.)
852 3074 979 3135 semper
1014 3071 1086 3119 cum
1119 3053 1242 3117 dativo:
1281 3065 1311 3133 a)
1345 3072 1443 3119 sensu

307 3159 453 3238 proprio:
480 3161 530 3240 15,
556 3161 619 3225 128
643 3161 795 3226 brevibus
818 3163 917 3226 remis
932 3160 1124 3225 incumbere.
1172 3160 1204 3240 b)
1228 3178 1325 3225 sensu
1340 3166 1444 3226 trans·

200 3268 204 3274 '
308 3263 388 3327 lato:
422 3267 450 3346 8,
484 3267 526 3330 76
559 3267 743 3342 incumbere
775 3267 890 3332 famae.
948 3267 998 3347 14,
1033 3267 1096 3330 122
1130 3267 1232 3331 eidem
1256 3267 1443 3338 incumbere

309 3376 422 3435 sectae.
482 3373 718 3438 incurrere
756 3375 788 3456 6,
826 3374 891 3439 330
921 3375 1021 3438 servis
1053 3373 1232 3438 incurritur
1265 3373 1311 3450 (it.
1340 3373 1444 3453 Verg,

310 3477 438 3542 Sallust.
471 3478 537 3561 lug.
572 3481 644 3562 101,
668 3483 709 3561 8.,
741 3480 821 3562 Liv.)
881 3482 1101 3546 insistere
1138 3481 1166 3559 6,
1204 3480 1246 3554 96
1284 3496 1342 3542 nec
1379 3485 1443 3545 tre·

310 3584 404 3649 mulis
441 3593 578 3666 possunt
619 3589 769 3652 insistere
811 3588 940 3668 plantis.
1006 3588 1071 3650 144
1112 3587 1251 3649 clamoso
1292 3584 1444 3649 insistere

311 3689 403 3754 circo.
476 3693 652 3759 instare
704 3695 743 3758 de
789 3694 886 3758 rebus
922 3692 1114 3757 ‘iniucundis
1159 3692 1211 3755 vel
1256 3690 1446 3773 periculosis

311 3796 493 3880 adhibetur,
526 3806 564 3863 ut
591 3799 657 3865 1111
690 3800 776 3865 idem
810 3807 908 3881 atque
941 3798 1127 3878 ,imminere‘
1160 3798 1283 3864 valeat:
1317 3800 1346 3879 6,
1378 3799 1442 3862 407

310 3903 488 3969 instantem
526 3908 593 3986 regi
628 3909 779 3972 Armenio
816 3906 1003 3986 Parthoque
1038 3909 1194 3970 cometen.
1250 3905 1443 3969 obstare.

312 4010 370 4077 Cui
403 4012 502 4076 verbo
535 4014 724 4095 plerumque
757 4015 805 4080 vis
846 4013 1041 4094 impediendi
1074 4012 1204 4093 subest,
1242 4012 1342 4076 semel
1380 4010 1448 4074 alia
1534 4066 1537 4071 .

312 4119 345 4200 6,
388 4120 452 4186 154
497 4121 632 4186 armatis
674 4121 784 4186 obstat
825 4139 900 4186 casa
939 4119 1076 4184 candida
1119 4118 1238 4183 nautis.
1307 4118 1445 4181 Dativus

314 4258 335 4325 1)
355 4261 484 4314 Kiaerus:
513 4261 669 4315 Sermonem
697 4263 730 4315 D.
759 4261 833 4316 Jauii
860 4259 1001 4314 luvenalis
1031 4265 1082 4314 etc.
1109 4259 1235 4312 Hauniae
1260 4255 1328 4310 1876
1347 4255 1448 4324 proc

221 4349 338 4404 coniecit
357 4355 467 4416 poetam
487 4349 632 4417 scripsisse
656 4349 824 4418 ,inaequales
843 4347 966 4404 berullos
986 4348 1067 4402 Virro
1086 4351 1173 4415 tenet,
1193 4346 1303 4415 phialae
1322 4344 1373 4398 tibi
1391 4360 1445 4397 non

220 4436 400 4492 committitur
419 4443 531 4494 aurum‘.
