3482 5072
677 351 680 358 ,
802 258 961 354 m

269 449 342 527 quis
366 456 424 528 est,
449 451 526 532 quin
550 452 715 518 excitetur
742 453 785 518 ad
808 452 945 517 satiram
968 451 1182 535 scribendam,
1210 471 1281 518 cum
1309 452 1495 534 indignatio

270 557 370 621 animi
393 557 467 639 ipsa
489 557 663 638 unicuique
688 557 787 623 etiam
811 557 886 623 rudi
913 575 1044 622 versum
1072 557 1299 623 subministret
1327 560 1497 643 (77-80).

208 703 210 708 -
270 661 416 728 Offendit
439 682 527 738 sane,
547 665 631 744 quod
655 668 753 744 poeta
775 682 812 728 re
836 663 997 728 adfinem
1021 664 1181 743 quendam
1196 664 1495 731 1111111173-76

269 769 429 850 perducta
452 769 557 835 denuo
580 770 699 851 incipit
721 769 789 834 alia
817 770 976 850 quaedam
999 770 1084 835 vitia
1117 789 1221 851 eaque
1245 790 1309 836 non
1337 771 1497 854 graviora

270 875 528 952 commemorare,
552 894 653 955 quare
677 876 735 941 alii
759 876 858 942 aliter
881 877 921 942 de
943 877 1095 943 versibus
1110 877 1494 944 73-801udicaverunr.

359 979 590 1066 Ribbeckius¹l
613 987 651 1047 ut
665 982 736 1048 eius
750 983 946 1048 sententiam
963 984 1100 1064 primurn
1114 983 1264 1064 referam,
1288 1002 1358 1048 cum
1377 999 1495 1050 versus

270 1105 334 1152 non
358 1087 479 1164 eodem,
503 1106 566 1166 quo
588 1089 749 1154 voluisset
772 1095 879 1172 poeta,
901 1091 972 1155 loco
995 1089 1138 1154 traditos
1162 1108 1235 1155 osse
1265 1089 1328 1155 sibi
1362 1109 1496 1180 persua-

271 1194 374 1274 deret,
396 1194 481 1260 huno
502 1213 656 1260 versuum
680 1195 826 1260 ordinem
848 1195 1033 1277 proposuit:

360 1299 535 1382 „Signator
557 1299 650 1382 falso,
674 1301 729 1380 qui
752 1320 788 1366 se
806 1302 932 1367 lautum
955 1307 1053 1381 atque
1067 1302 1200 1366 beatum
1212 1303 1221 1385 ,t
1233 1300 1359 1382 exiguis
1373 1302 1497 1367 tabulis

242 1405 247 1414 '
272 1411 305 1472 et
327 1426 456 1489 gemma
478 1406 595 1472 fecerit
618 1405 703 1472 uda?
727 1407 811 1472 aude
835 1407 959 1487 aliquid
981 1407 1136 1472 brevibus
1161 1407 1282 1489 Gyaris
1306 1414 1339 1472 et
1363 1426 1496 1473 carcere

272 1513 414 1595 dignum,
430 1513 440 1597 1
456 1514 485 1579 11
508 1514 560 1578 vis
584 1533 656 1579 esse
680 1514 821 1594 aliquid:
844 1515 992 1596 probitas
1006 1514 1162 1579 laudatur
1185 1519 1219 1578 et
1243 1515 1342 1596 alget.
1361 1513 1371 1597 1
1388 1513 1495 1578 crimi-
1546 1556 1550 1563 -

177 1663 181 1670 -
271 1619 367 1685 nibus
382 1604 505 1686 debent
518 1621 641 1703 hortos
654 1615 831 1700 praetoria,
845 1639 982 1702 mensas,
994 1629 1003 1703 ,²
1017 1625 1189 1702 argentum
1198 1626 1296 1685 vetus
1307 1625 1341 1685 et
1355 1625 1498 1685 stantem

273 1731 369 1790 extra
390 1727 509 1807 pocula
532 1745 673 1809 caprum.
690 1726 853 1793 loccurrit
866 1732 1016 1792 matrona
1034 1732 1160 1808 potens,
1184 1744 1267 1806 quae
1289 1727 1386 1790 molle
1405 1725 1498 1791 Galo-

271 1851 347 1898 num
359 1831 369 1912 1
380 1837 573 1912 porrectma
586 1833 659 1898 viro
682 1833 798 1899 miscet
821 1833 957 1898 sitiente
975 1833 1134 1913 rubetam,
1146 1830 1156 1914 (
1168 1831 1375 1911 instituitque
1398 1831 1498 1897 rudes

272 1939 388 2004 melior
401 1938 547 2004 Lucusta
569 1939 768 2021 propinquas
780 1942 790 2018 ,'
802 1958 861 2021 per
874 1938 994 2003 famam
1017 1942 1052 2003 et
1073 1938 1224 2020 populum
1244 1937 1358 2020 nigros
1383 1936 1499 2003 efferre

273 2045 417 2111 maritos.
438 2044 559 2128 (quem
583 2045 710 2127 patitur
732 2046 873 2111 dormire
904 2064 1005 2111 nurus
1038 2049 1208 2125 corruptor
1232 2062 1362 2122 avarae,
1384 2043 1394 2127 l
1406 2063 1499 2124 quem

273 2170 412 2233 sponsae
436 2157 549 2234 turpes
573 2158 608 2217 et
630 2157 860 2232 praetextatus
884 2152 1035 2217 adulter?
1051 2153 1060 2234 1
1077 2151 1106 2217 11
1134 2159 1253 2234 natura
1276 2155 1386 2232 negat,
1418 2150 1500 2216 iacit

273 2258 459 2340 indignatio
482 2277 623 2339 versum,
635 2261 645 2342 s
658 2260 914 2338 qualemcunque
927 2263 1047 2339 potest,
1070 2257 1183 2337 quales
1207 2275 1268 2338 ego
1291 2257 1346 2321 vel
1371 2256 1500 2322 cluvie-

274 2370 352 2428 nus‘.
398 2366 444 2429 Et
467 2383 525 2430 cur
546 2366 629 2429 haec
652 2363 889 2445 transpositio?
933 2363 983 2428 Ne
1012 2363 1115 2428 series
1142 2361 1323 2427 facinorum
1347 2363 1500 2429 domesti-

275 2489 386 2536 corum
399 2470 666 2552 interrumpatur,
691 2472 837 2550 adquae
854 2474 954 2551 poeta
975 2468 1064 2533 redit
1087 2487 1117 2534 r.
1135 2472 1175 2534 77
1195 2470 1347 2535 versibus
1368 2472 1500 2536 73-76

273 2576 480 2643 intermissis.
526 2576 592 2642 Sed
624 2581 752 2642 tautum
785 2578 890 2656 abest,
924 2581 961 2640 ut
991 2576 1054 2640 hac
1086 2577 1342 2658 transpositione
1375 2575 1500 2657 aliquid

275 2681 475 2765 proficiatur,
489 2689 524 2748 ut
540 2682 753 2749 difficultates
768 2688 961 2766 augeantur.
987 2682 1184 2747 Rectissime
1208 2682 1294 2748 enim
1317 2682 1500 2748 Ribbeckio

276 2790 317 2855 de
340 2789 607 2871 transpositione,
631 2809 726 2869 quam
740 2790 798 2855 ille
819 2790 1040 2863 desiderabat,
1064 2808 1084 2852 a
1108 2786 1295 2873 Teuffelio²l
1316 2788 1502 2855 obiciuntur

274 2897 374 2961 baec:
400 2896 481 2978 ,Die
504 2898 750 2975 cchrsoaude
774 2896 1047 2977 aliquid-caprum
1062 2894 1136 2960 sind
1149 2895 1311 2959 nunmebr
1330 2896 1502 2978 deplacirt,

276 3002 318 3067 da
341 3002 390 3066 sie
414 3007 550 3081 anstatt‚
573 3002 636 3068 urie
660 3003 714 3067 ihr
735 3003 849 3068 Inhalt
868 3005 1084 3080 voraussetzt,
1107 3002 1193 3065 nach
1216 3000 1274 3066 der
1287 3001 1501 3082 Erwdhnung

154 3193 162 3206 .
277 3107 368 3172 eines
391 3110 571 3174 besonders
595 3110 763 3174 schweren
781 3109 1008 3174 Verbrechens
1033 3127 1072 3173 zu
1096 3107 1221 3189 stehen,
1241 3109 1327 3191 jetzt
1350 3105 1409 3172 aui
1429 3107 1501 3172 eine

277 3215 662 3297 Testamentsfalsobung
684 3214 805 3298 folgeu,
829 3216 883 3280 die
906 3214 1120 3280 unmittolbar
1134 3233 1235 3279 nuvor
1250 3213 1300 3296 (V.
1317 3213 1383 3295 68),
1398 3230 1502 3277 menn

278 3322 362 3389 auch
384 3321 535 3396 ironiscb,
560 3323 610 3387 als
625 3321 699 3386 eine
713 3321 921 3404 Kleinigkeit
935 3313 1133 3402 dargestellt
1151 3339 1235 3400 war,
1258 3320 1324 3385 und
1338 3319 1503 3385 zwischen

275 3430 376 3494 ihnen
399 3429 465 3494 und
488 3429 552 3493 den
582 3427 760 3508 folgenden
791 3429 962 3493 4Versen
994 3427 1038 3492 ist
1072 3427 1158 3491 dann
1186 3425 1419 3507 ebensowenig
1450 3424 1504 3489 ein

277 3537 392 3601 klarer
406 3534 686 3616 Zusammenbang
708 3535 774 3600 wie
792 3535 956 3600 zwisohen
970 3533 1084 3600 diesen
1106 3533 1173 3597 und
1196 3533 1260 3598 den
1282 3533 1407 3598 letzten
1420 3531 1502 3598 vien.

278 3642 321 3707 So
354 3641 491 3724 gestellt
522 3641 588 3706 und
620 3642 722 3706 durch
756 3641 810 3706 dio
837 3641 1113 3720 Unterbreobung
1143 3639 1204 3703 mit
1235 3639 1407 3703 4·Ve1sen
1438 3655 1504 3701 von

279 3748 390 3813 seiner
403 3747 618 3828 Verbindung
632 3746 691 3812 mit
714 3748 750 3812 V.
768 3748 810 3812 63
824 3746 1035 3828 losgerisseu,
1048 3745 1095 3810 ist
1110 3744 1254 3811 occurrit
1269 3746 1349 3809 eto.“
1389 3742 1503 3822 Neque

278 3851 432 3938 Wirzio³)
457 3853 628 3931 assentior,
651 3853 707 3932 qui
729 3871 846 3919 versus
871 3855 1001 3918 77-78
1025 3851 1154 3934 spurios
1170 3869 1242 3916 esse
1257 3850 1398 3916 censuit:
1422 3849 1504 3931 „Dio

279 3979 383 4042 gauzo
406 3960 512 4025 Reihe
535 3979 595 4024 zur
618 3959 728 4026 Satira
760 3958 1075 4024 heransiordernder
1097 3957 1188 4040 Zbge
1220 3975 1285 4022 von
1309 3958 1351 4020 22
1385 3973 1428 4020 an
1458 3955 1506 4019 ist

370 4191 390 4258 ¹)
409 4190 426 4242 l.
448 4205 470 4242 o.
491 4207 517 4258 p.
540 4189 598 4243 137.

369 4277 390 4348 ²)
409 4279 479 4332 Mus.
498 4279 573 4332 rhen.
593 4280 658 4332 tom.
679 4277 737 4331 XX.
756 4297 783 4347 p.
805 4280 864 4334 toa.

369 4367 390 4438 ³)
410 4367 570 4438 Philologus
591 4369 658 4422 1877
678 4385 704 4436 p.
725 4369 777 4423 293
797 4386 836 4436 sq.
