3482 5072
614 351 616 356 .
733 287 888 385 „s-

685 478 945 544 Additamento⁸

289 621 338 686 De
362 621 481 687 ceteris
505 622 611 688 dativi
633 621 812 705 generibus
835 621 915 687 mihi
937 639 1002 687 non
1026 641 1106 704 opus
1131 627 1182 689 est
1201 624 1303 689 multa
1321 623 1428 688 verba

198 728 318 810 lacere,
343 747 413 794 cum
437 746 478 793 ne
502 747 600 794 unum
624 727 753 809 quidem
778 730 959 810 exemplum
979 728 1171 805 invenerim,
1195 729 1281 810 quod
1295 729 1426 812 legibus

196 835 424 918 grammaticis
456 824 628 918 repugnet.
682 835 770 901 Usus
799 834 905 901 dativi
926 835 1028 902 verbo
1053 837 1141 914 ‚snm‘
1165 836 1288 902 adiecti
1311 837 1427 918 vulga·

199 941 347 1007 tissimus
371 947 431 1023 est,
455 941 586 1007 dativus
610 941 738 1007 ethicus
758 940 923 1007 locutione
938 941 997 1007 illa
1012 941 1100 1024 ,quid
1114 941 1178 1008 sibi
1192 943 1271 1008 vult‘
1286 947 1426 1025 excepta

198 1050 242 1130 (9,
275 1049 295 1113 3
329 1049 407 1130 quid
438 1048 501 1114 tibi
534 1068 605 1113 cum
636 1049 741 1126 vultu)
773 1067 839 1113 non
861 1047 1036 1129 invenitur,
1070 1047 1186 1128 dativi
1206 1068 1268 1130 quo
1291 1048 1366 1114 finis
1391 1055 1427 1114 et

196 1155 371 1220 consilium
395 1155 599 1239 exprimitur,
623 1156 807 1236 exemplum
829 1172 894 1220 non
917 1155 1038 1220 notavi.

612 1440 684 1536 lle
717 1439 1011 1537 accusativo.
1133 1461 1136 1466 ·
1254 1461 1258 1468 ’

288 1615 328 1682 cf.
364 1615 489 1681 Rantz:
526 1615 597 1681 Der
631 1615 851 1684 Accusativus
887 1615 943 1682 bei
979 1616 1103 1699 Vergil.
1162 1617 1279 1700 Progr.
1317 1637 1426 1700 gymn

195 1723 332 1790 Duercn
358 1724 452 1788 1871.

166 1891 168 1896 .
287 1827 533 1898 Accusutlvum
566 1848 660 1910 quem
694 1835 814 1896 vocant
837 1825 1024 1910 Graecum,
1057 1829 1148 1896 cuius
1181 1831 1269 1914 apud
1300 1830 1426 1914 priscos

198 1941 315 2018 poetas
338 1953 503 2016 perpauca
527 1937 677 2018 exempla
701 1940 843 2020 exstant,
867 1936 1009 2017 apoetis
1025 1942 1059 2002 et
1072 1937 1289 2020 scriptoribus
1304 1936 1427 2004 aetatis

195 2047 381 2125 argenteae
421 2041 457 2106 in
499 2041 685 2108 universum
727 2041 1010 2134 graecissantibus
1051 2061 1170 2125 magno
1209 2062 1280 2110 cum
1316 2043 1426 2109 studio

199 2149 382 2216 adhibitum
416 2167 489 2214 esse
521 2167 615 2214 nemo
639 2154 699 2230 cst,
728 2149 806 2229 quin
829 2148 922 2214 sciat.
969 2148 1039 2232 Quo
1064 2168 1250 2231 exgenere
1275 2151 1427 2232 exempla

197 2254 417 2320 iuvenaliana
449 2255 570 2338 collegi
591 2256 687 2321 haec:
721 2257 751 2337 2,
774 2256 816 2320 97
841 2255 996 2321 caerulea
1018 2255 1153 2322 indutus
1177 2257 1343 2324 scutulata
1367 2262 1426 2322 ant

195 2361 332 2442 galbina
354 2381 439 2427 rasa.
487 2363 516 2444 8,
540 2362 583 2427 16
607 2367 755 2429 tenerum
779 2362 916 2429 attritus
931 2363 1101 2430 Catinensi
1122 2363 1251 2446 pumice
1274 2364 1426 2430 lumbum.

198 2467 409 2552 Vergilius¹),
441 2465 640 2554 Horatius2),
674 2469 733 2536 alii
756 2476 875 2552 poetae
908 2469 1090 2538 sescenties
1123 2488 1161 2536 eo
1193 2476 1338 2538 utuntur.
1385 2471 1425 2538 cf.

195 2573 375 2640 Schaefler:
399 2576 419 2640 l.
443 2576 463 2641 l.
487 2597 517 2660 p.
542 2578 585 2642 10
607 2595 653 2657 sq.
676 2577 897 2643 Accusativus
921 2595 986 2643 uon
1008 2577 1108 2643 verbo
1132 2576 1343 2659 subiungitur
1365 2577 1426 2642 sed

195 2682 363 2748 adiectivo
392 2685 422 2761 8,
445 2686 467 2746 4
493 2701 686 2763 umerosque
713 2683 870 2749 minorem
894 2682 936 2748 cf.
960 2682 1017 2748 Sil.
1040 2683 1115 2748 Ital
1140 2685 1170 2760 3,
1193 2684 1236 2748 42
1259 2683 1424 2749 Achelous

194 2787 339 2855 frontem
362 2787 504 2871 minor.³)

287 2897 433 2964 Transeo
457 2897 500 2961 ad
523 2895 623 2962 alium
645 2896 872 2962 hellenismum
896 2896 1157 2985 celeberrimum
1199 2898 1323 2963 Poetae
1339 2897 1424 2962 enim
1517 2922 1519 2926 ’

131 3060 134 3070 .
194 3017 232 3068 et
254 3002 449 3084 posterioris
473 3003 549 3068 aevi
571 3002 748 3084 scriptores
772 3004 861 3069 haud
883 3022 960 3068 raro
984 3003 1093 3068 verbis
1108 3023 1172 3069 non
1186 2989 1288 3068 solum
1303 3003 1424 3068 transi·
1538 3043 1540 3048 -

193 3111 277 3175 tivis
292 3110 352 3174 sed
367 3110 475 3192 etiam,
490 3111 526 3175 id
539 3110 625 3190 quod
648 3112 748 3175 multo
768 3110 873 3192 magis
888 3108 1033 3191 offendit,
1056 3103 1438 3175 intransitivis'accusa?

197 3218 299 3282 tivum
309 3222 346 3282 ut
357 3216 520 3282 obiectum
530 3215 1085 3297 adduntquodcondicionemverbi
1096 3217 1223 3281 demum
1233 3216 1266 3282 vi
1276 3215 1426 3282 effectam

192 3323 365 3406 significat
397 3328 496 3404 atque
530 3325 653 3405 eadem,
686 3343 750 3403 qua
778 3324 912 3389 verbum
934 3323 1049 3406 ipsum,
1072 3323 1127 3388 vel
1151 3328 1293 3416 cognata
1314 3322 1426 3388 fictum

195 3436 258 3496 est.
305 3431 500 3498 Huiusmodi
524 3428 747 3496 accusativum
767 3429 976 3512 grammatici
998 3430 1052 3495 vel
1075 3427 1323 3508 ‚accusativum
1347 3442 1425 3490 ver·

196 3534 324 3602 halem·
348 3538 402 3603 vel
425 3536 615 3618 ,obiectum
640 3537 837 3600 internnm‘
861 3535 927 3601 dici
959 3537 1141 3601 voluerunt.
1197 3533 1235 3600 cl.
1267 3534 1424 3600 Knehner

196 3644 229 3709 ΙΙ
253 3665 284 3726 p.
308 3644 372 3709 209
397 3663 442 3724 sq.
482 3644 631 3726 Draeger
662 3642 787 3708 Hister.
820 3641 944 3725 Syntax
975 3637 1015 3707 L²
1043 3662 1073 3722 p.
1098 3642 1163 3706 386
1186 3659 1232 3721 sq.
1279 3640 1449 3706 Bachius,

210 3803 217 3816 .
253 3803 259 3816 .
307 3803 313 3816 .
359 3752 381 3814 4
444 3801 451 3814 ·

162 3863 165 3868 '
196 3754 208 3819 l
238 3754 251 3818 l
283 3772 316 3936 Ii,
339 3753 361 3924 :i
384 3769 608 3924 Bsailcchanalia
631 3857 757 3923 vivunt.
805 3857 856 3938 12,
886 3857 950 3920 128
977 3854 1072 3918 vivat
1104 3852 1268 3918 Pacuvius
1301 3871 1423 3933 quaeso

196 3967 252 4032 vel
284 3965 426 4031 Nestora
459 3969 571 4030 totum.
627 3965 656 4045 6,
689 3965 754 4030 425
780 3968 882 4029 totum
905 3962 1124 4044 oenophorum
1148 3959 1273 4026 sitiens.
1321 3960 1354 4038 6,
1379 3961 1422 4025 63
1521 4043 1523 4048 Ι

127 4117 129 4122 -
193 4072 408 4138 chironomon
438 4072 563 4136 Ledam
595 4070 685 4136 molli
717 4071 862 4136 saltante
893 4068 1049 4151 Bathyllo
1077 4067 1127 4151 (it.
1150 4066 1229 4132 Hor.
1253 4067 1422 4150 ‚Cyclopa‘‚

287 4249 307 4318 ¹)
326 4247 448 4302 Antoine
465 4245 484 4300 l.
503 4247 520 4299 l.
541 4265 567 4315 p.
587 4246 622 4299 52
641 4262 680 4311 sq.

287 4337 308 4407 2)
327 4335 446 4406 Ebeling
463 4335 481 4388 l.
500 4335 518 4387 l.
538 4353 565 4404 p.
585 4336 609 4388 7.

286 4427 308 4497 ³)
326 4424 462 4480 Schaeflcr
479 4425 496 4477 l.
516 4421 534 4476 l.
554 4442 580 4492 p.
601 4423 636 4476 34
654 4439 696 4500 sq.¹
