3482 5072
713 311 714 316 l
754 321 913 422 -a-

216 514 312 593 quasi
345 512 415 579 eius
445 513 545 578 dictio
570 513 685 580 indata
707 514 808 581 fuerit
831 522 868 581 ut
890 517 1108 598 Allobrogum,
1133 517 1256 583 dixisse
1280 521 1444 600 putandus

217 630 283 704 est;
315 642 391 687 nam
427 621 456 687 si
492 620 596 686 Rufus
636 640 675 686 ea
711 620 827 687 fuisset
863 621 1069 688 immodestia
1102 628 1200 704 atque
1232 623 1444 707 impudentia,

215 728 399 794 iuventutis
414 735 664 809 praeceptorem
680 728 848 792 caedentis
862 727 985 793 factum
999 729 1106 794 levius
1122 736 1155 793 et
1170 729 1274 794 minus
1289 731 1443 796 iniustum

216 835 395 900 videretur.
443 833 542 912 Atqui
565 838 663 914 poeta
686 834 747 898 hoc
770 834 840 899 loco
864 834 899 898 id
913 835 1052 900 maxime
1072 835 1152 917 agit,
1176 841 1213 899 ut
1230 837 1443 915 iuventutem,

215 960 301 1020 quae
325 945 392 1005 tum
416 939 524 1015 fuerit,
548 939 822 1020 improbissimam
846 941 1015 1021 magisque
1038 940 1171 1022 impiam
1196 961 1268 1007 esse
1284 949 1445 1024 appareat

218 1066 314 1126 quam
353 1047 558 1110 iuventutern
599 1050 748 1110 veterum
791 1051 979 1127 temporum.
1052 1047 1143 1129 Ergo
1189 1048 1307 1129 lectio,
1361 1068 1443 1128 quae

215 1159 270 1218 est
293 1157 413 1234 ,qurem‘‚
438 1152 508 1215 sola
531 1150 699 1232 probanda
723 1157 783 1229 est,
807 1170 870 1230 qua
893 1151 928 1216 in
957 1157 1082 1217 textum
1119 1159 1255 1235 recepta
1288 1154 1341 1219 hic
1372 1155 1442 1220 fere

214 1271 332 1324 sensus
365 1257 428 1322 toti
460 1258 535 1322 huic
568 1258 639 1322 loco
673 1257 850 1322 subicitur:
892 1259 1027 1324 iuvenes
1070 1277 1110 1324 ne
1144 1278 1164 1324 a
1196 1259 1280 1326 Rufo
1314 1261 1442 1340 quidem

216 1383 330 1430 manus
355 1364 585 1429 abstinuerunt
608 1370 675 1428 tam
699 1364 866 1445 honorato,
900 1369 937 1428 ut
974 1384 1046 1430 eum
1082 1372 1218 1447 propter
1255 1349 1373 1431 merita
1410 1373 1443 1432 et

214 1471 374 1537 virtutem
412 1469 603 1552 saepissime
644 1469 833 1535 Ciceronem
855 1470 1102 1553 Allobroga-
1127 1490 1201 1536 nam
1233 1456 1337 1538 Rufus
1371 1482 1444 1538 erat

215 1578 375 1643 Allobrox
411 1613 444 1622 -
483 1575 732 1642 nominaverint.
778 1575 849 1639 Hoc
872 1575 973 1656 igitur
995 1595 1094 1641 versu
1119 1577 1268 1660 efficitm·,
1291 1583 1328 1644 ut
1350 1578 1441 1643 iuve-

214 1703 291 1749 num
314 1683 435 1748 factum
456 1682 555 1748 etiam
578 1681 715 1764 gravium
738 1681 898 1764 videatur,
922 1683 977 1762 qui
1001 1702 1072 1748 euru
1095 1683 1209 1763 ipsum,
1234 1703 1328 1764 quem
1351 1685 1442 1766 prius

215 1791 355 1855 maxime
388 1791 558 1854 coluerunt
585 1794 620 1853 et
652 1788 846 1870 dilexerunt,
870 1789 1009 1854 caedere
1032 1808 1096 1854 non
1121 1789 1273 1856 dubitant
1297 1797 1331 1856 et
1358 1792 1443 1856 hanc

217 1896 321 1977 ipsam
337 1898 376 1961 ob
392 1914 522 1962 causam
537 1914 601 1960 non
616 1894 699 1959 satis
712 1893 882 1976 intellego,
897 1913 959 1974 quo
978 1895 1051 1960 inre
1066 1895 1261 1962 Weidnerus
1285 1898 1346 1963 boc
1369 1899 1440 1964 loco
1467 1913 1469 1920 ’

217 2003 260 2067 de
283 2002 406 2084 duplici
428 2001 620 2067 recensione
642 2003 698 2067 vel
720 2001 978 2083 interpolatione
1002 2001 1209 2084 cogitaverit.

306 2109 355 2174 De
387 2109 538 2174 versibus
571 2109 658 2172 4-8
691 2108 815 2173 satirae
844 2107 938 2185 Vin,
963 2127 1026 2187 qua
1049 2113 1148 2190 poeta
1172 2128 1227 2174 eos
1250 2108 1441 2192 insectatur,

217 2215 275 2294 qui
307 2215 462 2280 maiorum
495 2233 624 2280 suorum
656 2214 831 2279 nobilitate
864 2214 977 2307 conlisi
1004 2214 1100 2279 nimis
1124 2234 1160 2279 se
1182 2215 1345 2298 iactitant,
1370 2236 1441 2282 cum

214 2321 281 2402 ipsi
305 2321 388 2386 nihil
411 2340 491 2386 suae
514 2321 649 2386 virtutis
674 2322 858 2402 ostendant,
882 2321 1021 2386 maxime
1036 2321 1151 2386 variae
1166 2328 1241 2385 sunt
1255 2323 1440 2388 sententiae

122 2483 128 2492 .
215 2427 359 2493 virorum
393 2429 560 2494 doctorum
584 2433 618 2493 et
643 2428 884 2511 discrepantes;
917 2428 976 2492 sed
1000 2415 1119 2508 omnes,
1142 2427 1198 2506 qui
1222 2428 1262 2492 de
1285 2429 1346 2495 hoc
1369 2431 1440 2496 loco

216 2533 479 2616 disputaverunt,
504 2535 722 2616 corruptelam
745 2535 781 2599 in
804 2553 842 2600 eo
865 2534 976 2598 inesse
1000 2533 1215 2599 consentiunt.
1261 2535 1439 2618 Rupertius

215 2647 397 2720 praeeunte
419 2640 567 2706 Juveuoo
589 2660 688 2706 versu
711 2641 850 2722 septimo
875 2641 981 2705 eiecto
1005 2658 1114 2705 omnes
1138 2640 1349 2707 difficultates
1364 2644 1436 2708 tolli

214 2746 357 2826 putavit,
381 2747 433 2812 oui
448 2747 586 2812 maxime
600 2747 819 2825 Heinrichius,
842 2747 865 2812 J
867 2746 991 2823 abuius,
1014 2745 1190 2812 Teuffelius
1209 2748 1336 2813 assensi
1349 2754 1434 2815 sunt.

214 2851 321 2918 Huius
353 2871 469 2918 versus
493 2853 712 2935 patrocinium
735 2854 894 2918 acerrime
917 2859 1131 2934 susceperunt
1153 2852 1325 2937 Lipsius¹),
1348 2855 1437 2920 Han-

213 2955 325 3042 diusb,
357 2958 614 3045 Doederlinus3).
659 2959 870 3044 Pinngerusb
895 2961 975 3025 duos
1000 2959 1129 3025 codices
1152 2965 1283 3026 secutus
1306 2979 1437 3027 versum

216 3067 234 3127 7
260 3071 337 3129 ante
361 3069 380 3130 5
405 3067 482 3147 poni
504 3066 620 3141 iussit,
649 3086 713 3146 qua
735 3067 993 3147 transpositione
1011 3069 1101 3132 locus
1115 3066 1246 3131 minime
1260 3067 1436 3152 sanatur.⁵)

213 3170 248 3236 O.
271 3169 325 3235 Fr.
349 3169 594 3254 Hermannus⁶)‚
617 3177 655 3236 ut
677 3190 808 3236 versum
832 3173 1035 3254 luminaret,
1058 3192 1174 3238 versus
1189 3176 1209 3238 5
1225 3178 1260 3238 et
1274 3175 1294 3236 6
1309 3175 1438 3256 spurios

212 3295 287 3342 esse
321 3279 532 3358 comprobare
561 3283 697 3345 conatus
720 3283 779 3343 est.
824 3276 1055 3363 Ribbeckius⁷)
1079 3298 1195 3344 versus
1219 3281 1306 3344 4-8
1330 3281 1437 3347 eicere

212 3384 329 3449 maluit
365 3403 462 3464 quam
499 3384 691 3466 corrigendo
728 3385 811 3450 nibil
848 3386 1015 3468 proficere.
1074 3385 1246 3460 „Klarbeit
1274 3386 1357 3451 wird
1381 3407 1437 3468 ge·

210 3509 359 3572 nomnen,
392 3509 485 3555 wenn
516 3491 577 3554 wir
608 3510 672 3556 von
706 3493 793 3556 4-8
818 3492 914 3556 einen
938 3490 1090 3556 scharfen
1113 3490 1244 3555 Schnitt
1267 3492 1345 3556 tbun
1371 3493 1436 3557 und
1507 3530 1510 3536 ·

211 3596 326 3662 diesen
358 3597 483 3663 bereits
516 3617 580 3662 von
613 3599 759 3662 anderen
792 3589 1042 3680 ausgegebenen
1069 3597 1204 3678 Lappen
1227 3597 1331 3662 lieber
1356 3618 1437 3679 ganz

210 3703 392 3781 entfernen,
425 3709 509 3769 statt
540 3704 574 3768 in
608 3705 691 3769 doch
722 3704 953 3786 vergeblicher
976 3703 1213 3786 Austrangung
1236 3705 1435 3770 stiickweise

300 3933 320 4000 ¹)
340 3948 401 4001 epp.
423 3934 529 4000 quaest.
549 3932 595 3999 IV,
617 3936 657 3988 15.

301 4020 321 4086 ⁸²)
341 4019 377 4073 ad
395 4019 464 4074 slat.
486 4019 546 4074 silv.
566 4021 585 4072 Ι.
605 4038 631 4089 p.
653 4021 712 4075 206.

299 4107 320 4177 ³)
339 4107 439 4177 Synon.
459 4108 513 4173 IV„
534 4109 593 4163 209.

298 4196 320 4266 ⁴)
339 4197 356 4249 l.
377 4214 400 4250 c.
420 4215 447 4265 p.
468 4198 502 4252 15
521 4215 561 4264 sq.

297 4285 319 4354 5)
338 4285 372 4339 cf.
392 4286 538 4340 Hermann.
558 4284 589 4339 in
606 4286 676 4338 Mus.
696 4285 771 4338 rhen.
793 4284 837 4349 Vl,
857 4285 910 4336 454
929 4302 970 4352 sq.

296 4374 318 4442 c)
338 4374 355 4427 l.
376 4391 398 4428 c.
418 4392 445 4443 p.
465 4377 519 4430 454
537 4392 577 4442 sq.

296 4463 318 4533 ⁷)
335 4462 354 4520 l.
375 4479 397 4516 c.
417 4483 443 4532 p.
464 4467 499 4519 95
518 4482 557 4532 aq.
