3482 5072
825 250 865 312 51

232 441 360 522 legibus
383 443 455 523 ipse
479 449 643 522 queratur.
693 445 743 522 14,
769 443 833 508 239
858 449 1013 522 quantum
1033 442 1150 507 dilexit
1165 444 1304 508 Thebas.
1352 445 1378 520 1,
1396 445 1460 509 164
1510 501 1513 505 .

232 549 366 613 multum
400 549 568 627 quaesitus
595 549 711 630 Hylas.
760 550 810 628 10,
834 551 853 614 3
878 550 1012 614 multum
1036 549 1177 614 diversa.
1224 549 1459 632 613511111-

232 667 380 734 mumque
413 655 551 721 libidine
582 662 729 737 peccant.
786 658 836 737 14,
865 657 907 720 53
936 655 1044 720 omnia
1066 662 1188 736 peccet.
1214 655 1252 720 cf.
1277 656 1392 722 Bieso:
1418 658 1458 722 de

232 762 360 826 obiecto
393 763 522 826 interno
555 763 641 844 apud
669 764 820 828 Plautum
834 791 837 796 ¹
852 769 885 827 et
908 761 1098 828 Terentium
1127 769 1225 841 atque
1250 762 1290 826 de
1313 762 1457 828 transitu

231 869 410 934 verbalium
434 868 609 934 notionum.
657 869 744 933 Diss
769 869 875 950 inaug.
899 869 1010 934 Kiliae
1037 869 1122 934 1878
1146 890 1175 950 p.
1200 870 1252 934 26.

475 1044 708 1109 accusativus
732 1047 814 1126 post
837 1047 946 1110 verba
969 1045 1209 1109 intransitiva.

319 1188 430 1252 Verba
443 1187 627 1268 transitiva,
652 1207 722 1252 cum
747 1188 932 1269 significent
955 1188 1117 1252 actionem
1142 1189 1183 1251 ad
1204 1207 1271 1252 rem
1287 1195 1456 1254 externam

229 1301 463 1371 transeuntem,
488 1295 711 1359 accusativum
727 1295 890 1360 asciscere
914 1295 969 1358 vix
993 1313 1072 1376 opus
1097 1299 1148 1359 est
1171 1300 1208 1359 ut
1227 1295 1342 1358 dicam.
1391 1295 1456 1361 Sed

228 1401 332 1466 multa
355 1400 565 1465 inveniuntur
587 1402 697 1481 verba,
722 1420 805 1480 quae
820 1420 1013 1480 quamquam
1028 1419 1088 1466 usu
1102 1401 1231 1481 vulgari
1245 1400 1455 1467 intransitive

229 1507 426 1572 adhibentur
447 1507 587 1586 ideoque
611 1507 834 1572 accusativum
857 1526 920 1572 non
945 1507 1136 1588 requirunt,
1169 1513 1280 1571 tamon
1298 1527 1325 1596 a
1347 1508 1458 1588 poetis·
1496 1555 1497 1558 ,

135 1609 155 1670 ⁸,
227 1613 455 1693 nonnullisque
466 1613 625 1678 orationis
634 1615 799 1694 pedestris
810 1608 1025 1695 scriptoribus
1036 1633 1107 1678 cum
1118 1633 1196 1679 casu
1209 1614 1267 1678 illo
1282 1614 1455 1680 coniuncta

227 1726 311 1786 sunt.
367 1721 405 1784 ln
438 1721 552 1784 horum
583 1722 757 1785 verborum
789 1740 922 1788 numero
955 1721 1114 1802 imprimis
1147 1721 1356 1786 memoranda
1379 1727 1455 1786 sunt

226 1828 330 1892 verba
363 1826 513 1892 affectum
548 1827 706 1906 quendam
740 1827 980 1909 significantia,
1013 1847 1096 1906 quae
1129 1827 1163 1892 in
1195 1833 1309 1892 nostra
1340 1827 1454 1909 lingua

226 1933 427 2015 praepositis
460 1934 597 2015 syllabis
631 1935 688 2014 ,be‘
721 1936 776 1999 vel
808 1937 861 2015 ,er‘
884 1934 939 1999 vel
964 1935 1040 2015 ,ver‘
1063 1935 1254 2014 plerumque
1277 1933 1454 1998 transitiva

226 2040 317 2106 fiunt.
364 2041 476 2105 Pauca
500 2040 569 2105 eius
595 2040 848 2105 constructionis
873 2042 1021 2120 exempla
1046 2045 1177 2104 exstant
1191 2041 1278 2120 apud
1292 2042 1453 2122 Plautum,

226 2147 425 2231 Terentium,
460 2146 624 2228 Catonem,
659 2146 710 2226 (cf.
738 2147 907 2227 Draeger:
931 2147 1018 2211 Hist.
1044 2145 1170 2226 Syntax
1192 2142 1224 2210 Ι2
1248 2167 1275 2227 p.
1300 2147 1365 2212 358
1390 2147 1452 2229 sq.)

226 2254 303 2318 inde
335 2272 425 2334 vero,
458 2253 616 2334 imprimis
654 2255 741 2335 apud
778 2272 898 2318 aureae
936 2254 1057 2318 aetatis
1090 2258 1215 2334 poetas
1253 2253 1451 2318 constructio
1531 2239 1532 2242 ¹

220 2361 444 2425 increbrescit
468 2366 501 2425 et
525 2361 567 2424 ad
590 2363 693 2426 multa
716 2362 816 2426 verba
839 2360 990 2426 refertur.
1040 2359 1080 2426 cf.
1104 2361 1261 2425 Kuehner
1283 2361 1316 2424 Π
1330 2381 1361 2441 p.
1380 2361 1452 2426 195.

151 2511 156 2518 -
225 2467 275 2543 De
298 2466 446 2547 Vergilio
479 2467 518 2531 cf.
540 2467 658 2532 'Rantz
687 2469 707 2532 l.
729 2453 750 2534 l.
777 2489 807 2550 p.
835 2470 885 2534 10.
932 2464 1075 2532 Antoine
1108 2468 1129 2531 l.
1152 2469 1172 2531 l.
1196 2488 1226 2549 p.
1251 2469 1294 2532 36
1318 2486 1374 2547 sq,
1412 2468 1452 2532 de

225 2573 364 2638 Horatio
380 2572 417 2637 cf.
433 2573 574 2655 Ebeling
588 2577 609 2639 1.
623 2576 643 2639 1.
659 2596 688 2656 p.
715 2577 754 2639 11
780 2594 836 2656 sq,
860 2577 901 2639 de
926 2575 1052 2639 Catullo
1067 2573 1105 2638 cf.
1121 2574 1362 2638 Overholthaus
1385 2575 1406 2636 l.
1429 2574 1450 2636 1.
1529 2609 1533 2616 ·

225 2700 257 2760 p.
282 2681 333 2744 24.
369 2717 410 2726 —-
445 2680 630 2745 Cuiusmodi
665 2683 814 2761 exempla
838 2687 913 2745 sunt
936 2681 1030 2744 haec:
1059 2678 1308 2743 formidare
1331 2680 1360 2752 3,
1387 2680 1450 2742 175
1524 2704 1526 2708 ⁴

225 2786 350 2850 hiatum
385 2785 547 2851 formidat.
618 2805 791 2868 gemere
828 2787 861 2868 3,
899 2788 964 2851 214
1010 2785 1168 2866 gemimus
1211 2803 1307 2850 casus
1349 2784 1449 2849 urbis.

225 2889 277 2955 ho
288 2912 305 2956 r
315 2912 331 2954 r
342 2912 360 2957 e
370 2912 416 2958 re
441 2894 470 2974 3,
495 2895 513 2956 7
537 2894 671 2959 horrere
685 2893 850 2974 incendia3
874 2913 945 2959 cum
960 2892 1150 2958 accusativo
1165 2911 1325 2972 personae
1340 2893 1371 2974 3,
1387 2893 1450 2956 265

223 3005 430 3078 taetrumque
467 3000 616 3065 novicius
653 3002 767 3065 horret
803 3001 982 3082 porthmea.
1044 3001 1072 3079 6,
1108 2999 1170 3062 183
1204 3004 1241 3062 ut
1272 3017 1337 3062 non
1360 2997 1450 3061 illam

223 3106 366 3171 horreat.
412 3107 634 3171 Memorabilis
659 3114 711 3171 est
733 3107 859 3188 passivi
884 3106 986 3170 lomna
1009 3105 1207 3186 ,horrendus‘
1226 3105 1303 3169 inde
1319 3103 1449 3198 aLivio

224 3218 399 3293 usurpata:
425 3214 454 3294 6,
477 3215 542 3279 485
566 3214 695 3278 intonet
717 3213 922 3277 horrendum.
970 3213 1020 3292 12,
1047 3212 1086 3275 15
1106 3211 1334 3290 horrendaque
1348 3209 1448 3291 passi.

177 3367 178 3370 ¹
224 3319 597 3401 exhorrescere&
614 3317 1266 3398 19610101101111010101101111.
1289 3317 1450 3397 lug'ere
1472 3395 1474 3400 Ι

129 3435 132 3440 ’
223 3429 253 3506 3,
277 3427 342 3490 279
374 3427 519 3507 lugentis
553 3426 698 3491 amicum.
751 3427 801 3506 10,
826 3426 890 3489 256
913 3431 1044 3505 raptum
1069 3443 1141 3489 cum
1164 3426 1257 3505 luget
1279 3421 1449 3503 Achillem.
1510 3503 1511 3507 Ἰ
1619 3455 1621 3458 -

224 3532 287 3598 257
322 3532 375 3597 cui
406 3532 457 3596 fas
489 3534 637 3598 Ithacum
671 3534 785 3614 lugere
818 3537 997 3596 natantem.
1047 3531 1181 3594 Passivi
1203 3529 1307 3593 forma
1331 3531 1359 3610 8,
1385 3529 1447 3590 267

165 3663 170 3673 ’
222 3639 381 3703 matronis
403 3640 574 3721 lugendus.
619 3640 805 3719 plorare
831 3640 881 3719 14,
907 3640 1090 3716 tauquam
1104 3636 1296 3701 multitalia
1309 3637 1447 3716 plorent.

224 3747 273 3827 15,
299 3747 363 3828 134
386 3747 517 3828 plorare
541 3764 621 3827 ergo
644 3745 738 3810 iubet
761 3763 892 3810 causam
916 3743 1056 3808 dicentis
1081 3743 1178 3808 amici
1201 3739 1448 3822 squaloremque
1498 3792 1503 3802 .

220 3851 300 3937 rei¹)
333 3853 355 3916 i.
390 3872 415 3917 e.
448 3853 632 3932 squalorem
661 3851 759 3916 amici
787 3845 1447 3928 0111111(1100111010111001Ηο1.Ο,

222 3961 385 4042 3,1,12;
418 3960 561 4037 moribus
592 3958 646 4023 hio
678 3958 869 4040 meliorque·
889 3956 985 4021 fama.
1030 3956 1149 4037 Aptior
1173 3961 1225 4021 est
1248 3955 1447 4021 deteriorum
1503 3955 1504 3959 ’

222 4065 368 4130 codicum
391 4065 490 4130 lectio
515 4083 634 4146 ,casum
657 4064 802 4146 lugentis
818 4064 933 4140 amici‘,
957 4064 1015 4128 sed
1029 4062 1065 4126 in
1078 4069 1174 4127 tanta
1187 4064 1446 4144 pleonasmorum

221 4171 316 4254 copia
347 4190 411 4236 non
445 4178 504 4252 est,
537 4191 594 4236 cur
627 4190 647 4234 a
678 4170 720 4234 Pi
751 4170 894 4235 lectione
928 4170 1142 4234 discedamus.
1187 4169 1320 4234 Passivi
1343 4167 1447 4233 forma

310 4313 330 4380 1)
350 4311 465 4364 Kiaerus
493 4311 516 4388 1.ι
534 4310 551 4362 1.
576 4329 602 4379 p.
629 4312 661 4363 27
682 4328 721 4376 sq.
742 4309 909 4362 assentiente
928 4309 1139 4390 Friedlaendero
1154 4279 1251 4377 ’(Β110.Ι
1266 4306 1388 4360 Jahresb.
1408 4307 1445 4358 Ill

219 4419 245 4468 p.
266 4402 328 4470 213)
348 4416 435 4469 parva
453 4399 608 4452 mutatione
627 4399 755 4452 emendat
775 4398 938 4465 ,squalorem
957 4400 1042 4466 atque
1060 4397 1116 4451 rei‘.
1202 4420 1204 4424 ’

1249 4487 1282 4538 411·
