3482 5072
317 463 445 544 cedunt,
478 463 560 528 baec
591 462 661 527 iere
694 463 845 528 disserit:
880 467 1007 528 tantum
1042 465 1167 546 abesse,
1199 469 1236 529 ut
1258 465 1386 530 nobiles
1410 465 1541 531 dicendi

316 567 486 650 magistris
510 568 691 633 mercedem
717 569 862 634 debitam
886 554 1026 651 solrant,
1049 574 1087 634 ut
1110 589 1234 635 omnem
1257 589 1327 635 rem
1344 570 1541 636 familiarem

317 675 479 756 dissipent
515 675 722 740 exstruendis
758 675 887 740 balneis
919 677 975 740 vel
1005 675 1200 757 porticibus,
1233 675 1350 755 quibus
1383 678 1540 759 apluvia

316 781 381 847 tuti
404 782 479 860 sint,
503 781 533 846 si
556 780 605 846 eis
627 782 732 845 libeat
755 800 851 846 curru
864 781 952 846 vehi.
998 781 1111 861 Neque
1127 781 1175 846 eis
1191 782 1321 862 placere
1336 788 1539 864 exspectare,

316 889 390 954 dnm
414 890 529 953 redcat
553 907 671 953 serena
684 892 873 970 tempestas,
892 907 997 970 neque
1020 889 1165 954 iumenta
1188 889 1257 953 luto
1281 889 1408 953 recenti
1426 889 1541 971 spargi

317 1014 373 1062 eos
395 996 491 1060 velle.
538 994 619 1059 Tum
642 1000 741 1076 poeta
755 994 1018 1076 interrogationi,
1041 1013 1124 1074 quae
1140 994 1316 1076 antecedit,
1339 996 1540 1076 respondens

317 1101 365 1165 sic
388 1099 515 1182 pergit:
544 1100 607 1180 ,hic
630 1101 739 1181 potius
763 1120 901 1181 namque
924 1101 978 1166 hic
1001 1102 1139 1166 mundae
1162 1101 1247 1166 nitet
1269 1103 1393 1182 ungula
1416 1102 1540 1166 mulae.‘

316 1206 383 1272 Sed
419 1206 497 1286 quid
532 1207 615 1271 haec
651 1205 847 1288 responsio?
893 1207 1008 1273 Nonne
1045 1207 1306 1288 interrogatione
1342 1208 1410 1272 ista
1446 1225 1539 1302 ,anne

316 1331 467 1378 serenum
501 1319 671 1394 exspectet
703 1320 905 1395 spargatque
936 1316 1005 1380 luto
1037 1314 1184 1379 iumenta
1211 1314 1347 1379 recenti‘
1370 1315 1539 1395 responsio

315 1421 389 1501 ipsa
432 1418 643 1486 continetur?
692 1421 875 1500 Responsio
916 1421 1021 1502 igitur
1060 1421 1159 1502 plane
1196 1439 1443 1502 supervacanea
1479 1426 1538 1486 est.

282 1512 286 1521 ’
317 1526 437 1608 Quare,
476 1545 667 1611 quamquam
703 1527 900 1592 Juvenalem
936 1546 1036 1608 saepe
1073 1546 1196 1593 summa
1233 1546 1306 1592 esse
1337 1527 1539 1606 loquacitate

229 1664 234 1675 ·
316 1633 434 1714 negari
465 1651 530 1698 non
562 1639 682 1714 potest,
714 1639 825 1698 tamen
857 1634 1109 1715 responsionem,
1143 1653 1206 1713 qua
1238 1633 1321 1698 nihil
1352 1633 1417 1698 nisi
1444 1633 1539 1710 idem,

317 1738 491 1818 quodiam
514 1738 636 1804 dictum
660 1744 719 1822 est,
744 1740 931 1805 continetur
954 1740 986 1804 ei
999 1739 1170 1805 vindicare
1185 1739 1412 1806 dubitaverim.
1446 1738 1540 1820 Quod

316 1864 395 1910 vero
428 1843 634 1929 Teuffelius¹)
668 1846 854 1926 suspicatur
885 1865 1017 1912 versum
1048 1846 1140 1911 illum
1173 1845 1205 1912 ei
1227 1864 1300 1911 esse
1323 1844 1539 1924 tribuendum,

317 1952 372 2031 qui
394 1951 639 2032 responsionem
663 1951 805 2031 aliquam
829 1952 1079 2044 desideraverit,
1103 1971 1183 2017 sane
1205 1951 1376 2035 probabile
1401 1957 1459 2016 est.

370 2107 373 2112 ,
404 2057 560 2123 Eiusdem
592 2058 717 2123 satirae
748 2060 912 2123 u214a
943 2059 1031 2124 nullo
1061 2064 1160 2124 antea
1191 2057 1382 2124 indubium
1404 2063 1540 2123 vocatus

316 2183 358 2230 ne
382 2184 401 2228 a
423 2163 606 2229 Ribbeckio
632 2165 769 2246 quidem,
792 2165 848 2245 qui
862 2169 930 2230 tam
950 2165 1073 2230 acriter
1088 2165 1159 2247 egit
1172 2165 1207 2230 in
1220 2165 1371 2231 versibus
1386 2167 1541 2233 Juvenali

317 2271 525 2352 abrogandis,
553 2270 726 2336 Weidnero
749 2273 804 2337 vel
827 2271 1114 2353 interpolationem
1137 2273 1193 2336 vel
1216 2273 1355 2337 alteram
1378 2274 1539 2339 recensio·

316 2399 391 2444 nem
415 2398 435 2443 a
458 2381 558 2458 poeta
579 2377 652 2458 ipso
675 2377 861 2443 institutam
884 2379 1035 2444 redolere
1053 2377 1193 2444 videtur.
1230 2378 1295 2444 Sed
1310 2397 1437 2457 causae,
1462 2399 1541 2461 quas

317 2484 445 2568 profert
467 2483 521 2548 vir
543 2483 600 2548 ille
625 2484 746 2562 doctus
770 2502 876 2548 vanae
900 2489 999 2563 atque
1021 2484 1138 2550 irritae
1162 2491 1238 2550 sunt
1257 2490 1291 2550 et
1304 2487 1393 2551 nullo
1408 2487 1540 2568 negotio

317 2590 459 2657 convelli
476 2588 680 2669 refutarique
693 2594 839 2671 possunt.
875 2590 925 2655 Ac
938 2589 1077 2672 primum
1092 2591 1223 2671 quidem
1238 2590 1373 2658 offendit
1388 2593 1541 2658 Weidne-

316 2717 372 2764 rus
405 2698 440 2762 in
472 2697 671 2778 repetitione
700 2696 840 2762 nominis
862 2696 946 2780 Rufi,
970 2715 1053 2778 quae
1077 2698 1205 2778 quidem
1229 2699 1402 2764 tluvenalis
1426 2700 1542 2781 generi

315 2803 447 2870 dicendi
480 2809 517 2868 ut
548 2803 714 2868 rhetorico
738 2802 878 2868 maxime
902 2805 1099 2870 conveniens
1123 2805 1175 2887 sit,
1198 2806 1257 2870 sed
1280 2806 1437 2871 hocloco
1460 2805 1541 2870 ferri

315 2929 381 2975 non
413 2909 527 2989 possit,
559 2927 630 2974 cum
658 2908 889 2989 interpositum
915 2910 961 2975 sit
984 2910 1076 2992 ,alios
1100 2916 1134 2976 et
1157 2916 1334 2992 quemque‘.
1380 2911 1539 2990 Equidem
1561 2973 1563 2977 .

316 3018 426 3099 potins
450 3017 498 3082 sic
522 3015 677 3081 dixerim:
711 3034 783 3081 cum
807 3015 907 3097 ,alios‘
936 3021 970 3082 et
1002 3020 1177 3100 ‚quemque‘
1209 3019 1352 3101 intersit,
1383 3017 1539 3099 repetitio
1598 3021 1603 3029 '

316 3126 415 3207 plane
439 3123 627 3188 necessaria
642 3127 701 3204 est,
725 3139 767 3188 ne
791 3123 872 3205 quis,
896 3143 957 3204 quo
981 3123 1144 3191 referatur
1167 3126 1289 3207 ,quem‘,
1311 3125 1347 3190 in
1366 3125 1463 3191 dubio
1487 3123 1539 3189 sit.

317 3231 411 3314 Quod
444 3236 553 3294 autem
586 3228 668 3293 dicit
699 3228 898 3294 Weidnerus
933 3231 1044 3312 paullo
1082 3232 1194 3297 durius
1227 3251 1300 3297 esse
1332 3251 1373 3297 ex
1406 3251 1453 3313 eo,
1486 3230 1541 3309 qui

318 3336 493 3414 antecedit,
516 3354 616 3400 versu
639 3335 791 3417 supplere
815 3353 884 3416 ,sua
908 3353 1065 3416 quemque
1087 3337 1251 3404 inventus‘
1275 3337 1424 3418 equidem
1447 3338 1482 3402 in
1502 3355 1539 3401 eo

316 3427 380 3511 non
413 3443 587 3524 hauserim,
620 3461 692 3507 cum
725 3440 847 3506 nemini
878 3443 940 3507 hoc
971 3443 1042 3508 loco
1076 3444 1206 3509 dubium
1231 3463 1304 3510 esse
1326 3444 1440 3527 possit,
1464 3442 1541 3524 quid

316 3552 362 3617 sit
384 3570 501 3616 nomen
524 3550 705 3615 subiectum
729 3566 864 3628 cumque
883 3550 970 3630 apud
983 3550 1178 3616 Juvenalem
1197 3551 1425 3617 omissionibus
1441 3551 1541 3615 multo

316 3657 547 3723 audacioribus
583 3675 744 3722 occurras.
785 3657 824 3724 cf.
849 3658 877 3733 6,
893 3657 969 3723 235.
1008 3658 1193 3723 alt-ars.
1232 3657 1305 3722 521.
1360 3657 1433 3722 Non
1457 3655 1542 3736 quod

317 3764 590 3830 desideraverunt
621 3781 739 3827 nomen
771 3763 961 3844 subiectum,
994 3762 1051 3830 sed
1084 3764 1169 3844 quod
1201 3768 1306 3829 totum
1329 3764 1413 3829 bunc
1436 3764 1541 3828 locum

315 3871 421 3936 minus
444 3876 535 3936 recte
558 3870 801 3950 intellexerunt,
824 3870 956 3934 librarii
969 3870 1143 3936 lectionem
1162 3871 1274 3952 ,quem‘
1290 3870 1406 3951 optimi
1421 3868 1542 3934 codicis

318 3976 517 4044 auctoritate
549 3977 632 4042 satis
665 3976 821 4041 munitam
844 3976 879 4041 in
903 3975 976 4056 ,qui‘
999 3982 1142 4042 mutasse
1166 3976 1432 4058 mihividentnr,
1457 3973 1542 4050 quod

315 4081 528 4149 Heinrichius
561 4087 595 4146 et
625 4083 788 4149 Weberus
824 4083 909 4148 falso
942 4083 975 4148 in
1009 4088 1135 4149 textum
1167 4085 1373 4163 receperunt.
1428 4077 1541 4156 Neque

316 4189 413 4268 enim,
444 4193 481 4254 ut
512 4189 686 4254 voluerunt
717 4189 783 4254 viri
814 4189 864 4255 illi
891 4188 988 4270 docti,
1011 4189 1115 4255 Rufus
1140 4189 1329 4254 Ciceronem
1352 4184 1542 4263 Allobroga,

407 4421 427 4490 ¹)
447 4419 640 4474 adnotationes
659 4417 696 4472 ad
713 4419 923 4473 translationem
941 4437 968 4488 p.
989 4420 1049 4474 244.
